2276 3448
392 176 644 226 EPISTULARUM
661 178 698 226 II.
719 179 742 225 2.
939 177 984 223 195

139 256 182 311 Tu
198 272 243 310 me
259 256 334 310 inter
350 256 483 324 strepitus
500 259 645 310 nocturnos
662 259 745 323 etque
763 255 874 308 eburnos

138 332 191 385 Vis
207 348 304 386 cauere
322 334 351 385 et
368 335 508 386 eontracta
525 331 603 400 sequi
621 332 735 399 vestigia
752 332 861 384 vatum?
961 344 987 382 so

139 407 285 474 Ingenium
303 406 355 459 sibi
374 407 448 475 quod
465 422 562 462 uacuus
580 407 732 474 desumpsit
749 405 881 471 Athenas,

138 482 177 535 llt
195 481 293 534 studiis
310 498 394 536 annos
412 484 517 550 septem
534 481 613 536 dedit
630 480 803 548 insenuitque

139 557 231 609 Libris
248 559 278 610 ot
295 557 375 623 euris,
394 559 485 610 statua
502 557 665 612 taciturnius
682 555 740 609 exit
888 599 890 604 .

139 630 305 699 Plerumque
322 634 352 686 et
369 631 427 684 risu
443 631 573 700 populum
590 632 695 700 quatit;
711 630 756 686 hle
773 646 825 698 ego
842 645 934 682 rernm

139 704 281 759 Fluctibus
298 705 326 759 in
344 705 442 760 mediis
459 710 489 760 et
505 706 716 775 tempestatibus
732 705 809 760 urbis
962 701 992 756 cs'

138 779 233 834 Verba
249 781 323 848 lyme
339 785 448 835 motura
465 797 562 835 sonum
579 785 740 836 connectere
758 780 871 848 digneri
934 783 936 786 ’

139 853 240 909 Frater
257 859 317 910 erat
334 856 438 910 Romae
456 857 572 911 consulti
590 857 692 924 rhetor,
711 859 744 910 ut
761 855 832 910 alter

139 929 264 984 Alterius
277 947 406 994 ‚sermone
423 947 513 985 meros
531 931 641 990 audiret
656 931 780 998 honores,

140 1001 277 1060 Gracchus
294 1009 326 1060 ut
343 1006 387 1060 hic
404 1005 451 1074 illi,
469 1007 540 1060 foret
556 1006 619 1060 huie
636 1009 669 1060 ut
687 1004 794 1060 Mucius
811 1004 864 1072 ille,

140 1081 193 1144 Qui
210 1081 298 1136 minus
315 1085 426 1154 argutos
443 1085 525 1135 vexat
541 1081 618 1135 furor
635 1081 688 1136 iste
702 1081 814 1149 postest
963 1095 987 1134 oo

144 1155 272 1209 (larnrine
288 1169 426 1225 compono,
444 1157 488 1210 bie
505 1157 604 1225 elegos.
639 1155 784 1211 “Mirabile
795 1155 854 1208 visu
880 1179 885 1188 ·

141 1229 337 1298 Caelatumque
354 1247 451 1284 novem
469 1231 556 1285 Musis
573 1231 674 1300 opus!’'
710 1230 832 1299 Adspice
848 1230 974 1299 primum,

61 1361 74 1380 .
141 1304 248 1368 Quanto
265 1313 326 1360 eum
343 1306 423 1373 iustu,
442 1310 545 1375 quanto
561 1307 701 1360 molimine
718 1306 831 1360 eircum-

140 1379 298 1446 Spectemus
315 1396 428 1435 vacuam
446 1381 575 1436 Romanis
592 1382 699 1437 vatibus
717 1381 827 1437 eedem!

136 1454 205 1522 ,Mox
223 1456 312 1524 etiam,
330 1456 354 1509 si
371 1457 442 1510 forte
459 1473 545 1524 vacas,
564 1474 680 1526 sequere
697 1461 727 1512 et
743 1457 837 1526 procul
853 1457 926 1524 audi,
961 1466 986 1518 o}

132 1530 212 1592 Quid
229 1531 300 1585 ferat
317 1534 347 1585 et
365 1547 449 1600 quere
467 1531 519 1584 sibi
536 1536 629 1586 nectet
646 1535 763 1600 uterque
780 1547 913 1585 coronam.

139 1603 286 1658 Caedimus·
303 1609 333 1660 et
349 1606 464 1661 totidem
482 1606 570 1675 plagis
587 1605 770 1661 consumimus
786 1605 892 1659 hostem

139 1678 227 1732 bento
245 1680 380 1755 Samnites
398 1681 435 1736 ad
452 1681 554 1736 lumina
571 1682 663 1752 prima
675 1681 776 1736 duello.

139 1753 257 1809 Discedo
276 1756 394 1812 Alcaeus
411 1761 513 1827 puncto
529 1757 617 1823 illius;
633 1757 680 1811 ille
697 1771 758 1810 meo
777 1755 856 1824 quisi

140 1829 206 1896 Quis
223 1829 275 1884 nisi
293 1831 489 1887 Cellimochnsi
526 1833 555 1888 si
571 1832 634 1901 plus
651 1831 799 1900 adposcere
814 1831 894 1894 visus,
953 1846 986 1885 roo

139 1905 186 1959 Fit
203 1905 381 1960 Mimnermus
399 1911 429 1962 ct
446 1907 538 1977 optivo
555 1908 713 1976 cognomine
731 1906 836 1960 crescit.

139 1980 228 2036 Multa
243 1980 302 2035 fero
318 1985 351 2036 ut
367 1983 471 2051 placem
488 1999 575 2050 genus
592 1982 727 2036 irritabile
744 1985 846 2047 vatum,

139 2056 209 2110 Cum
226 2056 314 2111 scribo
331 2061 361 2111 et
378 2058 492 2126 supplex
509 2058 601 2128 populi
620 2058 747 2126 suffngio
763 2061 859 2126 capim

139 2131 227 2200 Idem,
246 2132 331 2186 finitis
349 2133 447 2186 studiis
464 2136 494 2187 et
512 2136 603 2188 mente
621 2138 741 2202 recepta,

139 2206 274 2262 Obturem
291 2207 399 2276 petulas
416 2207 526 2276 impune
542 2209 696 2277 legentibus
714 2225 802 2262 aures.
954 2222 986 2267 105

139 2281 278 2335 Ridentur
295 2282 367 2336 mala
384 2283 431 2352 qui
449 2287 615 2352 componunt
632 2284 766 2347 carmina3
783 2297 878 2334 verum

138 2356 434 2420 Gaudentscribentes
452 2361 481 2410 et
499 2373 528 2410 se
545 2359 715 2422 venerentur,
734 2360 763 2409 et
780 2355 859 2420 ultro,

138 2432 167 2486 si
185 2435 283 2496 taceas,
301 2431 415 2486 laudant
432 2431 566 2500 quidquid
584 2431 716 2499 scripsere
734 2427 817 2484 beati.

138 2508 179 2560 At
197 2507 244 2576 qui
261 2507 412 2575 legitimum
430 2507 521 2575 cupiet
538 2506 634 2560 fecisse
650 2511 747 2574 poima

137 2581 208 2635 Cum
225 2581 326 2644 tabulis
343 2581 463 2635 animum
481 2581 600 2636 censoris
620 2585 710 2635 sumet
726 2579 850 2644 honesti3
954 2595 986 2634 uo

137 2657 263 2713 Audebit
279 2674 455 2728 quaecunque
473 2674 569 2726 pamm
587 2657 737 2726 splendoris
754 2655 896 2710 habebunt

137 2731 176 2787 Et
192 2732 252 2786 sine
268 2733 390 2801 pondere
406 2737 487 2786 eruut
504 2736 535 2788 et
551 2732 653 2786 honore
670 2732 784 2800 indigna
799 2732 922 2784 ferentur

51 2857 58 2868 ,
136 2805 241 2871 Verba·
248 2821 358 2860 movere
375 2807 441 2874 loco,
460 2807 583 2876 quamvis
600 2808 685 2861 invita
703 2807 832 2861 recedunt

137 2879 175 2933 Ilt
191 2884 335 2934 versentur
352 2881 441 2934 adhue
458 2882 531 2936 intre
547 2883 699 2951 penetralis
717 2882 826 2936 Vestae.

137 2953 290 3022 Obscuratu
308 2955 356 3008 diu
373 2955 473 3024 populo
490 2956 578 3010 bonus
596 2960 675 3011 eruet
692 2959 777 3024 atque
952 2971 986 3010 ua

136 3027 263 3084 Proieret
280 3029 308 3083 in
326 3029 414 3083 lucem
433 3031 554 3098 speciosa
571 3031 699 3085 vocabula
716 3046 816 3099 rerum,

136 3102 213 3167 Quae
230 3104 328 3172 priscis
345 3108 495 3158 memorata
513 3105 661 3160 Catonibus
679 3108 762 3174 atque
781 3104 910 3173 Cethegis

134 3175 162 3229 N
163 3192 215 3301 pige
234 3179 304 3232 situs
320 3178 443 3232 informis
460 3180 562 3248 premit
578 3184 608 3233 et
625 3179 735 3234 deserto
751 3183 890 3243 vetustam
