2288 3444
424 175 577 224 HORATII
594 174 723 225 FLAGGI

213 257 310 311 Selosa
328 254 405 308 duris
423 271 524 308 eruore
541 253 659 320 pellibus
974 273 997 314 ιι

103 381 105 386 ,
185 337 194 352 ”
214 329 358 385 Laboriosi
375 330 493 396 remiges
511 329 605 382 Ulixei

212 405 331 459 Volente
349 404 428 458 circa
445 402 581 468 membra;
603 406 669 457 tuuc
686 419 762 456 mens
779 407 808 458 et
826 421 908 458 sonus

214 479 348 547 Relapsus
365 481 448 547 atque
465 481 546 532 notus
562 477 592 532 iu
609 477 701 532 vidtus
717 479 810 534 honor.

214 554 287 608 Dedi
305 553 372 608 satis
390 569 525 622 superque
542 569 692 622 poenarum
709 553 769 618 tibi,

214 630 316 683 Amata
332 628 422 681 nautis
439 628 555 684 multum
573 631 603 682 ct
619 627 798 682 institoribus.

214 703 298 770 Fugit
310 701 440 770 juventas
458 705 488 756 et
504 700 674 756 verecundus
692 700 764 754 color

215 777 338 846 Reliquit
355 793 417 831 ossa
432 776 504 845 pelle
521 775 621 830 amicta
637 775 741 840 lurida;

214 851 278 906 'luis
296 851 408 922 capillus
425 850 503 905 albus
520 854 564 906 est
581 849 727 914 odoribus;

203 925 327 980 *Nullum
345 926 380 980 ab
397 925 491 979 labore
508 941 553 980 me
570 924 685 980 reclinat
702 925 802 991 otium3

214 1001 304 1070 Urget
321 1001 394 1055 diem
411 1018 466 1056 uox
483 1003 513 1055 et
530 1001 589 1054 dies
606 1003 722 1068 uectem,
738 1016 828 1070 neque
846 1003 889 1056 cst
941 1011 945 1020 '

215 1076 319 1131 Levare
335 1080 414 1132 teuta
432 1075 529 1144 spiritu
546 1075 711 1144 praecordia

215 1151 288 1219 Ergo
305 1155 433 1219 negatum
451 1151 543 1204 vincor
559 1154 592 1204 ut
608 1149 719 1204 credam
736 1151 822 1206 miser

215 1227 323 1280 Sabella
338 1230 435 1294 pectus
452 1226 591 1294 increpare
609 1225 730 1280 carmina

215 1302 359 1370 Caputque
377 1301 469 1354 Marsa
486 1300 604 1354 dissilire
621 1301 710 1356 uenia.

215 1375 289 1439 Quid
305 1375 420 1444 amplius
437 1376 497 1429 risl
533 1375 556 1428 O
575 1392 657 1442 mare,
676 1379 791 1443 eterra,
809 1375 899 1444 urde0,

216 1452 353 1514 Quantum
369 1467 458 1519 nequo
476 1454 535 1504 atro
553 1451 691 1504 delibutus
709 1451 844 1505 Hercules

215 1526 297 1580 Nessi
313 1542 415 1593 eruore,
433 1542 484 1579 uec
502 1526 598 1579 Sicana
614 1525 718 1580 fervida

215 1601 315 1655 Virens
331 1603 360 1656 iu
378 1604 470 1655 Aetna
487 1601 612 1666 flammo;
635 1603 668 1654 tu
685 1601 771 1654 donec
787 1600 854 1664 ciuis

216 1677 358 1745 injuriosis
374 1676 467 1730 aridus
484 1676 573 1730 uentis
590 1676 663 1730 ferar

217 1752 296 1806 Gales
313 1751 425 1806 venenis
442 1751 547 1806 officina
564 1749 703 1806 Colchicis.

94 1847 97 1852 ·
171 1837 188 1868 ·,
216 1827 292 1890 Quae
309 1827 371 1880 fluis
387 1829 436 1880 aut
453 1825 527 1894 quod
544 1842 588 1879 me
605 1829 698 1880 manet
715 1823 896 1894 stipendiumi

216 1901 321 1966 Edam
339 1901 431 1969 jussas
448 1917 510 1954 eum
527 1900 583 1954 fide
599 1916 700 1969 poenas
717 1900 797 1968 luem,

216 1975 332 2030 Paratus
350 1975 466 2046 expiare,
484 1992 533 2030 seu
549 1975 703 2044 poposceris

216 2051 333 2104 (lenium
346 2048 486 2118 juvencos,
504 2051 560 2105 sive
577 2049 701 2104 mendaci
718 2049 776 2117 lyra

215 2124 300 2178 Voles
317 2125 423 2179 sonan:
447 2125 488 2178 'l'u
504 2125 609 2194 pudica,
626 2128 659 2180 tu
675 2125 761 2192 proba

216 2197 422 2253 Perambulabis
439 2203 513 2254 astra
529 2200 606 2254 sidus
623 2215 741 2254 aureum.

217 2274 330 2328 Infamia
348 2273 471 2327 Helenae
490 2275 586 2328 Castor
603 2273 719 2328 offensus
735 2274 821 2328 vicem

217 2349 368 2419 Fraterque
386 2350 477 2417 magui
496 2350 615 2404 Castoris
632 2349 697 2404 victi
714 2365 795 2417 prece

218 2424 357 2494 Adempta
374 2424 430 2478 rati
447 2424 594 2478 reddidere
611 2423 720 2477 lumina.

217 2500 255 2554 Et
271 2504 311 2569 tu,
327 2503 406 2568 potes
422 2516 492 2565 nam,
511 2501 584 2553 solve
601 2515 646 2552 me
664 2497 810 2565 dementia,
892 2503 897 2514 '

217 2574 241 2627 0
258 2589 309 2628 nee
325 2573 447 2642 paternis
464 2573 586 2628 obsoleta
603 2573 737 2640 sordibus,
888 2619 897 2626 ..

217 2647 316 2716 Neque
333 2647 363 2700 iu
381 2647 511 2714 sepulcris
527 2663 677 2716 pauperum
695 2647 816 2715 prudens
834 2661 900 2700 anus

218 2722 244 2773 N
246 2717 400 2773 evendiales
417 2720 551 2788 dissipare
567 2721 700 2788 pulveres.

218 2793 279 2846 'ribi
295 2792 430 2861 hospitale
446 2797 542 2860 pectus
559 2797 589 2847 et
605 2810 689 2860 purae
706 2810 807 2860 manus,

219 2865 346 2934 'dumque
362 2869 459 2919 venter
477 2866 658 2934 Pactumeius,
676 2873 706 2921 et
723 2874 771 2921 tuo

219 2939 322 2992 Cruore
339 2938 437 2992 rubros
454 2939 589 2994 obstetrix
606 2955 708 3007 pannos
725 2941 799 3007 lavit,

218 3010 365 3080 Utcrmque
381 3013 460 3066 fortis
477 3014 569 3066 exsilis
586 3029 726 3081 puerpera

254 3083 326 3147 Quid
343 3084 477 3140 obseratis
494 3088 605 3140 auribus
622 3087 713 3139 fundis
729 3089 844 3156 precesl

219 3153 282 3210 Nou
300 3173 365 3210 sare
380 3159 461 3211 nudis
478 3161 602 3213 surdiora
619 3159 701 3213 navit'
