2276 3448
324 231 327 240 ,
425 178 687 229 sATIRARUMH.
701 181 724 230 2.
949 178 994 226 les

149 256 231 322 Quali
247 256 332 325 igitur
348 255 422 312 victu
439 258 546 326 sepiens
562 261 663 325 utetur,
682 261 711 312 et
728 258 823 314 horum
860 271 862 276 ’
937 287 941 292 ·

149 331 252 386 Utrum
269 331 438 386 imitabituri
475 332 541 388 Hac.
553 336 634 400 urget
651 333 737 400 lupus,
750 331 800 386 heo
816 329 897 400 cenis,
909 331 992 386 aiunt

148 405 271 460 Mundus
288 407 340 459 crit
357 423 411 474 qua
427 422 482 460 uon
496 407 618 460 'offendat
636 407 768 475 sordibus,
784 410 867 476 atque
968 419 992 461 tt

149 480 183 534 In
200 481 324 534 neutram
341 484 447 549 partem
465 481 553 534 cultus
570 481 658 534 miser.
694 481 749 534 Hie
765 497 854 550 neque
870 480 962 547 servis,

100 615 103 621 ¹
148 555 247 610 Albuti
265 555 483 622 seniscxemp1q
501 554 566 608 dum
584 556 676 608 munia
692 554 765 609 didit

147 629 250 684 Saevus
268 630 335 696 erit3
352 646 402 682 nee
419 629 458 682 sic
475 633 507 683 ut
524 631 639 697 simplex
657 629 777 684 Naeuius
794 634 908 684 unctam.

147 703 274 756 Convivis
285 701 428 771 praebebit
438 720 551 771 aquam3
569 705 664 758 vitium
675 704 726 758 hoc
737 705 844 773 quoq'ue
856 721 990 773 magnum.

147 779 250 846 Accipe
267 795 338 830 nune
355 779 442 831 victus
458 779 548 831 tenuis
565 795 635 846 quae
654 783 809 847 quantaque
827 796 918 832 secum
966 794 990 834 ro

147 853 260 906 Affers-t.
296 853 433 920 Imprimis
450 853 539 906 valeas
557 852 639 908 beno:
656 870 719 907 nam
736 855 826 908 variae
844 871 893 908 res·

146 926 187 980 Ut
204 931 318 980 noceant
335 927 437 996 homini
455 927 550 980 credas
567 944 670 980 memor
686 928 758 982 illius
776 945 853 982 escae
870 949 872 954 ·

146 1001 222 1065 Quae
240 1002 355 1070 simplex
372 1003 436 1055 olim
453 1001 505 1055 tihi
515 1002 638 1067 .sederit;
655 1006 684 1056 et
701 1003 780 1056 simul
797 1003 864 1055 assis

145 1077 288 1130 Miscueris
306 1077 383 1144 elixa,
401 1075 481 1130 simul
498 1075 634 1144 conchylia
650 1076 746 1144 turdis,

145 1151 242 1204 Dulcia
259 1169 289 1205 se
306 1152 335 1204 in
352 1151 434 1204 bilem
451 1154 559 1204 vertent
577 1151 768 1220 stomachoque
785 1151 932 1206 tumultum
965 1166 989 1206 τε
1058 1155 1072 1180 ‘

144 1225 233 1279 Lenta
249 1226 320 1279 feret
337 1225 444 1294 pituita
479 1225 566 1278 Vides
583 1228 615 1278 ut
632 1225 748 1292 pallidus
766 1226 853 1280 omnis

145 1301 236 1354 Coena
253 1300 383 1368 desurgat
401 1300 503 1354 dubiar
539 1299 610 1364 Quin
628 1316 724 1368 corpus
741 1304 867 1354 onustum

145 1375 291 1428 Iicsternis
308 1375 381 1428 vitiis
398 1375 518 1428 animum
536 1390 643 1444 quoque
660 1377 822 1442 praegravat
839 1371 900 1441 uua,

144 1453 239 1518 Atque
256 1449 341 1518 affigit
358 1450 440 1502 hrono
458 1449 565 1504 divinae
582 1448 741 1518 particulam
759 1465 848 1502 aurae.
903 1485 906 1492 »

91 1579 94 1586 ,
145 1524 228 1578 Alter
244 1524 292 1577 ubi
310 1523 384 1578 dicto
402 1524 481 1577 citius
499 1526 592 1576 curata
610 1523 699 1591 sopori
964 1540 987 1578 so

143 1599 270 1652 Membra
286 1598 363 1652 dedit
380 1601 493 1665 vegetus
510 1597 679 1666 praescripta
696 1596 732 1650 ad
748 1597 839 1650 munia
857 1601 950 1664 surgit.
1035 1611 1036 1615 ’

49 1699 57 1716 ·
143 1671 199 1724 Hic
215 1675 307 1724 tamen
324 1670 361 1728 ad
377 1671 473 1724 meiius
490 1671 592 1738 poterit
607 1673 792 1724 transcurrere
808 1671 951 1741 quondam,

143 1745 206 1799 Sive
224 1745 296 1798 diem
313 1747 412 1800 festum
430 1745 539 1807 rediens
556 1745 698 1798 advexerit
715 1761 808 1811 annus,

143 1819 198 1873 Son
215 1827 338 1874 recreare
355 1819 427 1878 volet
444 1823 586 1873 tenuatum
604 1835 708 1888 corpus,
725 1819 827 1888 ubique

129 1894 285 1952 Accedent
301 1893 364 1946 enni
382 1897 411 1950 et
427 1894 540 1948 tractari
558 1893 664 1947 mollius
683 1898 758 1948 aetas
962 1911 987 1951 ss

143 1968 283 2022 imbecilla
299 1968 385 2033 volet;
402 1967 453 2022 tibi
471 1968 599 2036 quidnam
617 1969 728 2022 accedet
745 1969 781 2022 ad
798 1969 878 2023 istam

143 2043 231 2106 Quam
250 2059 318 2112 puer
332 2042 365 2096 'et
381 2042 486 2096 validus
502 2044 652 2111 praesumis
670 2043 817 2110 mollitiem,
835 2060 882 2098 scu

142 2117 220 2172 Dura
236 2118 363 2172 valetudo
380 2117 507 2172 inciderit
524 2135 573 2171 seu
589 2117 670 2172 tarda
688 2121 831 2172 senectusi

142 2193 295 2246 Rancidum
314 2209 409 2260 aprum
426 2193 530 2261 antiqui
547 2193 701 2261 laudabant,
719 2210 772 2247 non
790 2193 853 2261 quia
870 2211 949 2248 nasus

143 2267 203 2320 Illis
219 2267 308 2320 nuilus
326 2271 386 2320 erat
403 2267 453 2320 sed
470 2267 550 2321 credo
568 2267 618 2320 hac
635 2271 734 2335 mento,
751 2268 825 2336 quod
842 2267 938 2334 hospes
960 2283 984 2322 oo

142 2341 258 2395 'sardius
275 2341 421 2395 adveniens
438 2342 563 2396 vitiatum
581 2339 745 2396 conimodius
763 2359 844 2409 quam

142 2416 285 2484 Integrum
297 2416 367 2469 edax
379 2416 503 2478 dominus
515 2419 692 2470 consumeret.
727 2415 786 2467 Hos
797 2415 901 2468 utinam
913 2415 984 2469 inter

142 2490 249 2544 Heroas
260 2495 355 2544 natum
372 2491 454 2544 tellus
471 2507 515 2544 me
532 2490 620 2558 prima
636 2489 759 2543 tulisset!

142 2564 199 2618 Das
216 2565 320 2634 aliquid
336 2566 425 2619 famae
443 2581 512 2634 quae
530 2564 648 2618 canuine
664 2564 766 2631 gratior
783 2579 876 2618 aurem

142 2639 264 2706 Occupet
280 2640 438 2694 humanam:
455 2640 571 2708 grandes
588 2639 697 2693 rhombi
711 2639 873 2708 patinaeque
960 2652 984 2692 ss

142 2713 252 2767 Grande
268 2714 361 2768 ferunt
377 2731 432 2766 una
448 2731 509 2767 cum
527 2714 625 2768 damno
642 2713 774 2780 dedecus3
791 2713 863 2768 adde

141 2788 248 2843 Iratum
265 2785 401 2856 patruum,
419 2788 527 2856 vicinos,
544 2792 574 2843 te
590 2788 642 2842 tibi
660 2789 788 2856 iniquum,

141 2863 178 2922 lit
195 2864 303 2934 frustra
314 2863 409 2916 mortis
426 2863 561 2931 cupidum,
580 2879 641 2915 curn
658 2862 747 2916 deerit·
764 2861 855 2928 egenti

142 2939 184 2994 As
201 2937 292 3004 laquei
309 2937 435 3004 pretium.
465 2937 578 3000 “dure’'
590 2937 687 3002 inquit,
700 2937 847 2987 “Transius
864 2935 925 2989 istis

141 3012 160 3064 J
162 3016 276 3079 urgetur
292 3012 397 3074 verbis3
415 3026 464 3076 ego
481 3008 622 3074 uectigalia
639 3024 734 3073 magna
951 3025 983 3063 ιω

141 3086 312 3152 Divitiasque
330 3085 417 3136 habco
435 3081 523 3134 tribus
541 3081 642 3147 amplas
659 3079 788 3148 regibus.''
824 3081 897 3146 Engo

142 3160 224 3226 Quod
241 3162 351 3225 superat
367 3172 422 3208 non
439 3157 482 3208 ost
498 3152 595 3208 melius
612 3167 665 3220 quo
681 3151 815 3206 insumere
831 3153 934 3220 pessis?

1051 3332 1130 3410 Α
