2276 3448
458 179 672 233 nemeaeum
689 183 728 232 11.
746 183 768 234 r.
958 145 1005 230 ¹1⁵⁵

158 259 229 314 Cum
246 262 276 315 te
292 257 422 314 formidet
436 261 534 315 mulier
550 277 640 331 neque
660 262 755 317 credat
770 263 878 330 amenti,
982 276 1006 316 ss

158 335 218 388 Ibis
236 334 288 388 sub
302 335 407 388 iuream
424 335 545 404 prudens
561 337 724 406 dominoque
741 335 844 392 furenti

157 409 320 466 committes
331 427 390 466 rem
402 427 509 466 omnem
522 415 553 466 et
561 413 646 466 vitam
659 417 761 467 etcum
773 429 885 481 corpme
897 412 1003 466 samam.

156 485 259 554 Errasti,
277 485 360 540 credo
379 489 486 540 metues
504 487 658 556 doctusque
679 488 799 542 cavebis:

157 560 279 624 Quaeres
296 561 406 630 quando
424 563 526 616 iterum
544 579 645 630 pavens
662 563 816 632 iterumque
833 563 924 631 perire

156 635 256 702 Possis,
274 652 291 690 o
307 636 391 690 toties
408 641 516 690 servus!
537 637 614 702 Quae
631 637 722 691 bellua
738 638 834 707 ruptis,
981 653 1004 693 re

29 713 34 721 '
107 727 119 748 ·
156 711 226 765 Cum
243 711 328 766 semel
346 711 448 780 effugit,
466 712 560 766 reddit
579 729 609 767 se
626 730 710 781 prava
725 715 846 768 catenisl

155 786 218 838 Non
231 802 291 840 sum
302 787 437 855 moechus,
448 787 495 841 ais.
531 788 629 856 Neque
640 805 692 856 ego
703 789 812 843 hercule
823 788 869 842 fur
879 787 927 842 ubi
937 803 1003 842 vasa
1105 829 1110 840 .

156 860 303 915 Praetereo
321 863 428 930 sapiens
446 866 590 930 argentea:
608 863 675 918 tolle
691 863 829 932 periclum,

154 936 174 988 J
176 953 220 989 em
237 952 306 1004 vaga
322 938 446 1005 prosiliet
461 937 546 991 frenis
562 941 661 992 natura
678 939 797 993 remotis.

154 1010 231 1064 'lune
248 1011 315 1064 mihi
333 1011 466 1079 dominus,
484 1029 576 1066 rerum
593 1013 714 1082 imperiis
731 1013 924 1083 hominumque
978 1029 1002 1068 rs

154 1085 207 1140 Tot
223 1086 362 1155 tantisque
379 1087 475 1154 minor,
495 1103 576 1156 quem
594 1091 639 1141 ter
656 1088 777 1142 vindicta
792 1093 944 1157 quaterque

154 1159 286 1229 Imposita
305 1155 378 1214 ha'ud
395 1177 515 1230 unquam
533 1163 633 1216 misera
650 1163 795 1216 formidine
811 1163 919 1232 privetl

143 1235 237 1290 -Adde
254 1252 336 1304 super
354 1235 435 1290 dictis
452 1237 527 1306 quod
542 1253 596 1291 non
613 1239 700 1292 leuius
716 1239 820 1292 vdent:
838 1253 901 1291 nam

153 1309 217 1364 Sive
235 1311 350 1364 vicarius
368 1315 412 1365 est
433 1313 480 1380 qui
499 1329 576 1367 seruo
593 1315 681 1382 paret,
698 1315 740 1368 uti
757 1329 816 1368 mos

152 1383 255 1440 Vester
266 1387 312 1453 ait,
326 1402 374 1440 seu
386 1403 530 1440 conservus
537 1407 545 1452 3
562 1387 615 1441 tibi
627 1388 693 1456 quid
705 1405 764 1441 sum
777 1389 845 1456 egoi
876 1387 982 1456 Nempe

153 1459 194 1514 'Pu
211 1461 277 1514 mihi
295 1462 342 1529 qui
361 1462 502 1530 imperitas
519 1462 565 1516 alii
585 1463 670 1516 servis
687 1464 771 1517 miser
791 1467 883 1530 atque·
976 1476 998 1515 u

152 1535 268 1590 Duceris
285 1541 318 1590 ut
334 1537 424 1591 nervis
442 1536 538 1590 alienis
556 1537 656 1591 mobile
672 1535 783 1605 lignum.

152 1610 283 1675 Quisnam
300 1611 385 1680 igitur
402 1611 492 1666 libert
527 1612 641 1680 Sapiens
659 1611 711 1665 sibi
729 1613 776 1680 qui
794 1611 962 1680 imperiosus,
1038 1639 1042 1646 ·

152 1687 240 1750 Quem
248 1703 337 1754 neque
344 1687 487 1756 pauperies
496 1703 585 1755 neque
594 1703 667 1740 mors
675 1703 765 1756 noque
772 1686 879 1740 vincula
887 1688 999 1752 terrent,

152 1761 323 1830 ltesponsare
340 1761 520 1830 cupidinibus,
538 1765 712 1816 contemnere
729 1763 844 1815 honores
975 1773 999 1814 es

151 1835 250 1905 Portis,
268 1841 298 1890 et
313 1837 343 1889 in
361 1853 391 1890 se
407 1837 466 1905 ipso
483 1840 566 1904 totus,
584 1841 665 1904 teres,
683 1841 767 1906 atque
783 1835 922 1903 rotundus,

151 1909 267 1966 Externi
284 1929 320 1966 ne
337 1912 405 1980 quid
422 1912 511 1965 valeat
528 1927 578 1979 per
595 1912 655 1966 leve
672 1913 779 1978 morari,

151 1986 186 2039 In
204 2003 285 2054 quem
302 2003 397 2040 manca
414 1987 471 2040 ruit
488 2003 597 2056 semper
613 1988 728 2041 fortuna.
765 1987 881 2040 Potesne

151 2061 194 2114 Ex
211 2061 254 2114 his
270 2065 303 2115 ut
319 2063 459 2130 proprium
477 2061 544 2130 quid
561 2064 692 2116 noscerel
729 2057 853 2130 Quinque
870 2062 975 2116 talenta

151 2135 243 2190 Poscit
259 2140 289 2190 te
305 2137 409 2204 mulier,
427 2141 510 2190 vexat
527 2137 684 2206 foribusque
700 2137 839 2205 repulsum
974 2153 999 2191 eo

150 2209 296 2265 Perfundit
313 2211 411 2280 gelida
430 2228 524 2265 rursus
542 2216 636 2277 vocat;
654 2212 734 2280 eripe¹
746 2211 821 2280 turpi

150 2285 227 2340 (iolla
238 2285 321 2355 jngo;
340 2286 430 2356 Liber,
447 2287 525 2341 liber·
536 2303 604 2354 sum,
622 2287 666 2340 dic
683 2302 741 2353 age.
775 2287 838 2339 Non
855 2287 930 2354 quis;

150 2361 241 2428 Urget
258 2362 331 2416 enim
349 2362 475 2416 dominus
493 2365 614 2415 mentem
631 2375 684 2413 non
701 2360 769 2412 lenis
787 2363 816 2412 et
833 2375 909 2414 aerea

150 2435 292 2504 Subjeetat
308 2436 379 2490 lasso
401 2436 526 2490 stimulos
543 2437 689 2502 versatque
708 2437 859 2500 negantem

148 2509 202 2564 Vel
220 2527 281 2564 cum
300 2511 432 2565 Pausiaca
447 2514 547 2579 torpes,
563 2510 666 2575 insane,
684 2507 804 2574 tabella.
976 2525 999 2564 ee

149 2584 202 2650 Qui
220 2602 315 2654 peccas
333 2587 523 2655 minus'atque
540 2601 599 2653 ego,
617 2600 679 2637 cum
697 2582 776 2636 Fulvi
794 2581 975 2651 Rutubaeque

147 2663 209 2715 Aut
227 2659 382 2716 Pacideiani
400 2665 527 2716 contento
546 2659 650 2730 poplite
668 2658 752 2711 miror
835 2697 837 2701 -

147 2735 256 2790 Proelia
273 2736 382 2789 rubrica
399 2737 474 2806 pieta
491 2741 540 2791 eut
557 2735 681 2802 carbone,
698 2734 773 2787 velut
791 2733 814 2786 si

148 2810 190 2864 Re
207 2829 272 2865 reru
289 2816 418 2880 pugnent,
436 2811 544 2878 feriant,
563 2812 706 2878 vitentque
720 2812 864 2862 moventes

147 2888 236 2941 Arma
252 2888 322 2941 viril
359 2887 485 2954 Nequam
503 2889 669 2940 etvcessstor
687 2885 795 2948 Davus;
812 2887 842 2938 et
859 2884 918 2952 ipse
965 2897 998 2937 leo

147 2961 261 3016 Subtilis
278 2965 404 3016 veterum
416 2961 506 3028 judex
524 2964 553 3012 et
570 2959 684 3012 callidus
701 2958 787 3012 audis.

146 3036 194 3092 Nil
212 3053 263 3106 ego
281 3036 305 3089 si
324 3037 409 3089 ducor
426 3035 480 3087 libo
498 3034 633 3086 fumante:
651 3031 702 3083 tibi
719 3032 814 3097 iugens

147 3109 246 3166 Virtus
262 3113 346 3180 atque
364 3109 469 3162 animus
486 3107 577 3160 coenis
595 3109 737 3172 responsat
755 3105 851 3171 opimis

56 3229 59 3233 .
147 3185 317 3254 Obsequium
333 3183 437 3238 ventris
455 3181 520 3234 mihi
537 3178 713 3248 perniciosius
731 3183 774 3232 est
791 3181 859 3247 gurl

190 3257 220 3304 le
