2288 3444
402 181 608 232 CARMINUM
624 182 674 235 IV.
693 184 731 234 ld.
958 188 990 236 8³

310 262 381 319 (lum
397 263 486 318 saevit
502 263 722 331 horrendamque
738 264 820 320 cultis

345 337 482 392 Diluriem
499 338 651 392 meditatur
667 339 749 406 spis,

276 411 319 466 Ut
334 411 514 468 barbarorum
532 413 663 468 Claudius
679 415 789 482 agmina

275 485 392 542 Ferrato
408 491 485 544 vasto
503 489 589 544 diruit
605 489 712 558 impmu
964 507 989 548 so

310 561 472 632 Primosque
488 567 519 618 et
533 567 673 620 extremos
690 563 819 619 metendo

343 637 448 694 Stravit
464 638 577 694 humum
594 639 654 696 sine
670 639 749 693 elada
765 639 861 708 victor,

273 709 314 765 ‘le
330 712 427 781 copias,
443 716 473 768 te
491 714 632 768 oonsssium
649 716 678 768 et
694 717 758 768 tuos

273 784 428 842 Praebente
445 788 529 844 divos.
563 789 635 842 Nam
651 789 712 856 tibi,
729 804 784 857 quo
802 787 848 842 die

307 860 407 916 Portus
425 862 601 918 Alexandrea
616 864 731 932 supplex

340 936 379 990 Et
394 953 508 992 vacuam
524 937 656 1006 patefecit
671 938 769 1007 anam,

271 1009 394 1066 Fortuna
410 1012 497 1067 lustro
514 1027 646 1080 prospere
661 1012 746 1066 tertio

271 1084 342 1140 Belli
359 1087 492 1142 secundos
508 1086 633 1142 reddidit
649 1087 748 1152 exitus,

303 1161 482 1230 Laudemque
500 1165 530 1216 et
545 1164 673 1231 optatum
689 1163 809 1230 peractis

339 1237 467 1306 Imperiis
484 1237 567 1291 decue
584 1237 729 1305 arrogavit
957 1255 982 1296 sc

269 1309 464 1366 'letientsber
479 1328 535 1366 non
551 1316 616 1382 auto
632 1311 776 1366 domabilis
999 1316 1001 1322 ’

271 1385 427 1456 Medusque
444 1389 475 1440 ot
492 1386 586 1455 Indus,
602 1390 633 1442 te
649 1387 780 1455 profugus
797 1388 912 1457 Scythas

303 1460 428 1530 Miratur,
447 1477 463 1516 o
482 1462 569 1516 tutela
585 1477 716 1530 praesens

338 1535 436 1592 Italiae
453 1537 634 1605 dominaeque
651 1535 761 1592 Romae.
832 1571 835 1578 .

267 1609 307 1664 'l'e
323 1609 440 1674 fontium
455 1611 504 1680 qui
521 1611 593 1665 celat
609 1611 727 1678 origines

268 1685 402 1754 Nilusque
419 1690 450 1741 et
468 1687 595 1752 Isterste
611 1685 723 1753 rapidus
741 1685 836 1755 Tigris,

301 1760 340 1814 'l'e
356 1760 493 1816 belluosus
510 1761 558 1829 qui
575 1760 687 1814 remotis

336 1835 479 1904 Obstrepit
495 1835 620 1890 Oceanus
637 1835 784 1905 Britannis,

266 1909 307 1964 uo
325 1926 379 1964 non
395 1911 521 1979 paventis
536 1911 633 1965 lunera
651 1910 755 1966 Galliae

265 1985 414 2054 Duraeque
430 1986 513 2040 tellus
529 1986 608 2040 audit
626 1985 766 2054 Hiberiae,
952 2006 977 2048 to

298 2060 337 2115 Te
354 2060 438 2114 caede
453 2059 605 2128 gaudentes
623 2060 757 2128 Sigambri

332 2133 496 2204 Compositis
513 2139 678 2191 venerantur
696 2137 783 2193 armis.

521 2268 584 2328 XV.

262 2349 397 2406 Pricaeus
415 2350 551 2406 uolentem
566 2349 671 2418 proelia
686 2365 732 2404 me
749 2348 823 2418 loqul

261 2424 356 2478 Victes
373 2428 403 2478 et
419 2425 502 2480 urbes
519 2425 653 2492 increpuit
670 2424 735 2490 lyra,

295 2499 321 2552 N
323 2517 339 2552 e
355 2516 440 2568 persa
457 2499 627 2568 Tyrrhenum
644 2514 694 2565 per
710 2513 813 2566 aequor

327 2573 397 2627 Vela
414 2575 517 2628 darein.
545 2574 610 2640 Tua,
628 2573 736 2640 Caesar,
754 2576 831 2628 aetas

258 2646 364 2716 Fruges
381 2651 411 2702 et
428 2643 502 2715 agris
519 2647 629 2702 rettulit
646 2647 746 2700 uberes
958 2663 973 2706 s

259 2721 297 2776 Et
314 2723 391 2790 signe
407 2726 501 2775 nostro
517 2722 640 2776 restituit
657 2721 677 2775 J
678 2721 721 2774 ovi

292 2795 416 2865 Derepte
433 2796 598 2850 Parthorum
615 2795 739 2865 superbis

327 2870 463 2937 Postibus,
481 2874 511 2924 et
527 2887 642 2926 vacuum
659 2869 757 2922 duellis

253 2943 359 2998 danum
377 2944 483 3008 Quirini
500 2943 605 3009 elausit,
623 2947 653 2996 et
670 2941 794 2995 ordinem

255 3017 375 3072 Rectum
392 3016 520 3082 evaganti
537 3016 616 3066 frena
631 3013 758 3066 licentiae
943 3031 968 3073 ω

285 3091 393 3160 Injeoit,
412 3088 567 3154 emovitque
585 3087 683 3152 culpas,

325 3164 364 3217 Et
380 3165 489 3216 veteres
505 3157 641 3212 revocarit
658 3158 733 3210 artes
