2268 3448
391 193 596 243 CARMINUM
613 193 651 244 ΙΙ.
672 195 710 245 16.
939 201 966 251 at

228 273 288 330 Neo
304 273 445 328 fortuitum
463 275 594 344 aperiero
610 275 758 343 caespitem

229 348 318 417 Leges
336 348 468 416 sinebant,
487 349 587 419 oppida
603 349 713 418 publico

263 423 379 492 Sumptu
392 423 524 491 jubentes
541 429 571 478 et
589 425 702 478 deorum

296 497 408 566 Tenspla
424 515 494 553 novo
511 499 641 553 decorare
658 514 732 556 saxo.
950 514 973 555 ιι

498 623 600 702 ἰιι

229 721 325 778 Orruit
343 722 419 778 divos
436 725 515 792 rogat
531 722 560 776 in
577 726 691 792 patente

231 796 351 852 Prensus
369 799 488 866 Aegaeo,
507 797 586 851 simul
604 801 664 852 atra
681 797 768 851 nubes

230 872 361 928 Condidit
377 873 470 926 lunam
485 887 576 942 neque
594 875 671 927 certa
686 873 794 940 fulgent

266 947 364 1002 Sidera
380 947 489 1013 nautis;

230 1021 324 1076 Otium
337 1021 414 1076 bello
430 1021 532 1076 furiosa
548 1022 660 1089 Thrace,

230 1097 324 1151 Otium
339 1096 420 1151 Medi
436 1096 576 1186 pharetra·
584 1095 684 1162 decori,

230 1171 361 1241 Grospho,
378 1188 432 1226 non
449 1172 563 1239 gemmis
580 1187 671 1240 neque
688 1161 810 1240 purpura
826 1187 871 1226 ιο-

263 1248 325 1302 nale
342 1263 431 1316 neque
449 1263 523 1302 auro

229 1321 292 1376 Non
310 1322 382 1376 enirn
398 1337 480 1390 gazae
497 1339 587 1391 neque
605 1321 752 1375 consularis

231 1398 387 1452 Summovet
404 1397 484 1451 lictor
500 1397 614 1450 miseros
631 1397 766 1464 tumultus

231 1471 334 1526 Mentis
350 1476 381 1526 et
397 1489 476 1526 eures
493 1472 621 1541 laqueato
637 1472 740 1526 eiroum

264 1547 349 1602 Tecta
364 1547 495 1602 volantes.
735 1605 738 1612 ¹

229 1621 341 1676 Vivitur
356 1637 440 1690 parvo
456 1621 529 1675 beno
547 1621 590 1674 oui
607 1624 752 1688 paternum

164 1727 168 1734 ·
231 1696 364 1766 Splendet
380 1695 410 1750 in
427 1711 521 1750 mensa
537 1696 614 1750 tenui
632 1695 753 1759 salinum,
816 1733 818 1736 -
924 1723 927 1730 ι

230 1771 257 1826 N
259 1787 291 1826 eo
307 1770 382 1825 leves
398 1787 507 1825 somnos
524 1771 607 1825 timor
623 1773 672 1824 aut
689 1771 788 1840 cupido

266 1846 400 1900 Sordidus
417 1845 514 1901 aufert.

231 1920 305 1985 Quid
321 1921 399 1976 brevi
415 1921 501 1976 fortes
514 1921 669 1990 J'aeulamur
686 1937 753 1977 nevo

231 1995 337 2051 Multal
372 1996 445 2061 Quid
462 2000 550 2051 terras
568 1996 621 2050 alio
639 1997 760 2050 calentes

230 2071 293 2126 Sole
309 2073 466 2126 mutamus?
502 2072 612 2125 Patriae
631 2073 692 2140 quis
710 2073 787 2127 exsul

264 2149 301 2200 Se
318 2163 427 2216 quoque
444 2146 535 2214 fugitl

231 2221 345 2276 Soondit
363 2225 470 2277 aeratos
487 2221 585 2276 vitiosa
601 2237 685 2276 naves

231 2296 303 2350 Oura
319 2313 370 2352 neo
387 2301 492 2351 turmas
509 2297 632 2365 equitum
650 2297 788 2365 relinquit,

112 2421 121 2430 ,
230 2370 312 2424 Ocior
328 2373 415 2426 cervis
433 2375 463 2425 et
480 2374 579 2438 agente
596 2370 702 2424 nimbos

264 2446 346 2500 Oeior
363 2447 444 2499 Euro.
582 2489 586 2498 .

230 2503 358 2575 tieem·
349 2537 378 2573 m
395 2535 525 2588 praesens
546 2519 651 2572 animus
669 2520 743 2588 quod
760 2521 833 2573 ultra
850 2525 894 2576 ost

230 2595 330 2650 Oderit
346 2610 443 2649 curare
460 2597 490 2648 et
507 2610 600 2647 amaro
616 2593 719 2648 lento·

230 2671 377 2740 lemperet
394 2669 468 2735 risu3
485 2668 552 2736 nihil
569 2673 613 2723 est
630 2669 665 2723 ab
682 2670 756 2725 omni

233 2746 348 2800 Parte
364 2744 475 2798 beatum

231 2821 357 2876 Abstulit
374 2819 477 2874 elerum
494 2819 550 2874 cito
566 2835 639 2872 mors
659 2821 800 2880 Achillen

229 2896 324 2965 Longa
341 2895 485 2950 Tithonum
502 2895 601 2948 minuit
619 2901 751 2961 senectus,

230 2971 267 3025 lit
285 2971 351 3025 mini
368 2971 460 3024 forsan
477 2969 530 3023 tibi
547 2968 622 3037 quod
638 2971 745 3036 negarit

147 3091 151 3098 .
263 3047 389 3114 Porriget
406 3046 480 3099 hora.

228 3121 380 3189 'segreges
398 3123 507 3175 eentum
526 3117 687 3186 Siculaeque
704 3119 805 3174 circum

227 3195 355 3265 Mugiunt
371 3212 477 3264 roccae,
495 3193 547 3249 tibi
563 3193 635 3246 tollit
652 3193 789 3248 hinnitum
