2268 3448
278 441 319 526 a
357 443 607 514 nonnam
643 438 858 509 rancor

416 589 728 692 carminum

449 748 590 812 AEIBER
610 746 672 804 III.

555 907 578 963 L

281 996 338 1051 Oui
356 994 498 1065 profanum
517 993 615 1061 vulgus
633 995 663 1046 et
681 1005 777 1055 arceo:

281 1072 384 1126 Favete
402 1069 516 1137 tinguit:
534 1067 653 1122 earmina
670 1081 724 1119 non
741 1063 818 1133 prins

315 1145 422 1200 Audita
440 1145 580 1198 Musarum
598 1140 724 1195 sacerdos

349 1219 509 1288 Virginibus
527 1217 673 1286 puerisque
691 1216 777 1268 canto.

281 1295 388 1364 Regum
405 1294 589 1348 timendorum
607 1292 636 1345 in
656 1289 778 1359 proprios
796 1303 900 1356 greges,
978 1301 993 1343 t

282 1369 373 1437 Reges
391 1369 419 1422 in
439 1369 512 1437 ipsos
529 1368 674 1436 imperium
692 1367 736 1418 eat
756 1362 833 1416 Jovis

315 1444 389 1499 Glari
407 1444 541 1513 Giganteo
559 1441 706 1510 triumpho,

344 1520 454 1588 ‚Cuncta
471 1518 612 1588 supercilio
632 1513 772 1569 moventia.
843 1534 932 1639 W

280 1597 331 1652 Eat
348 1600 381 1651 ut
398 1596 455 1650 viro
473 1595 516 1648 vir
533 1593 616 1648 latius
635 1591 744 1646 ordinet
797 1595 810 1678 4¹
816 1619 845 1668 μ

281 1672 404 1727 Arbusta
422 1670 509 1738 auleis,
529 1668 574 1722 hic
591 1660 753 1736 generosior
968 1676 992 1720 ιο

314 1747 470 1801 Descendat
489 1746 518 1799 in
538 1744 671 1812 Campum
689 1741 799 1811 petitor,

348 1822 471 1874 Moribus
490 1821 535 1874 hic
553 1819 702 1886 meliorquc
721 1816 793 1869 suma

279 1895 441 1964 contendat,
460 1895 500 1948 illi
520 1894 601 1949 turba
620 1892 760 1948 clientium

281 1970 324 2026 Sit
340 1969 442 2038 major:
462 1985 549 2039 aequa
566 1970 627 2038 lege
647 1967 803 2024 Necessitas

314 2044 433 2099 Sortitur
452 2045 572 2114 insignes
592 2049 621 2098 et
641 2044 727 2108 imos;
788 2060 793 2068 “

348 2120 437 2175 Omne
455 2137 541 2190 capax
559 2123 650 2173 movet
670 2135 740 2172 urna
758 2136 865 2175 nomeu.

279 2194 427 2250 Districtua
445 2196 517 2250 anaia
536 2196 580 2249 cui
598 2211 680 2262 super
697 2194 781 2262 impia

280 2271 391 2326 cervice
409 2271 512 2340 pendet
531 2287 586 2323 non
610 2269 715 2324 Siculae
734 2269 818 2338 dapes

313 2345 428 2401 Dulcem
447 2344 625 2399 elaborabunt
643 2361 774 2412 saporem,

348 2421 410 2474 Non
430 2421 520 2474 avium
539 2419 713 2486 citharaeque
732 2423 827 2473 (antus
892 2483 896 2490 ⁸

280 2495 409 2549 Somnum
427 2496 567 2549 reducent
603 2493 718 2548 Somnus
737 2494 885 2562 agrestium
892 2482 912 2549 .‘·
944 2542 959 2558 J
974 2501 1022 2558 1⁹,

279 2569 362 2624 Lenis
381 2571 500 2624 virorum
518 2585 573 2623 non
590 2568 705 2622 humiles
725 2568 819 2623 domos

314 2643 435 2698 Fastidit
453 2644 660 2711 umbrosamque
679 2645 773 2712 ripam,

348 2717 374 2769 N
376 2733 410 2770 on
429 2717 558 2785 Zephyris
575 2717 679 2782 agitata
697 2718 805 2786 Tempe.

280 2790 487 2846 Desiderantem
506 2789 580 2858 quod
600 2789 665 2842 satie
684 2795 727 2845 eat
744 2804 834 2861 nequa

281 2864 488 2917 'tumultuosum
509 2862 638 2915 sollicitat
657 2879 740 2931 mare,

314 2937 341 2990 N
343 2953 374 2989 ec
392 2953 487 2990 saevus
506 2936 619 2992 Arcturi
637 2937 759 2990 cadentis

350 3010 474 3076 Impetus
494 3013 542 3063 aut
561 3010 672 3061 orientis
692 3010 790 3079 Haedi,

280 3081 341 3134 Non
359 3082 517 3136 verberatae
536 3082 669 3148 grandine
688 3083 783 3136 vineae

282 3153 448 3218 Funduaquo
466 3156 591 3218 mendax,
610 3153 709 3206 arbore
729 3170 801 3210 nunc
820 3176 905 3226 aquas
965 3179 990 3220 a·
