2276 3448
152 201 199 250 tlt
420 199 573 249 HORATII
589 195 720 248 FLAGOI

149 278 226 333 Fecit
242 295 304 332 eum
321 280 418 334 stravit
433 279 506 332 ferro
522 278 626 346 pcensl
663 276 807 332 Abstinuit
823 277 879 333 rim

148 353 240 408 Uxoro
257 357 286 408 et
302 355 401 421 gnat03
418 353 490 406 mala
506 352 594 406 multa
609 354 739 420 precatus
757 352 873 416 Atridis,

147 428 174 480 N
175 444 210 481 on
226 428 273 482 ille
290 432 338 482 aut
356 428 487 482 Teucrum
505 429 553 480 aut
570 427 659 495 ipsum
676 425 787 480 violarit
804 426 920 482 Ulixen?

148 502 267 556 ‘Verum
285 519 343 570 ego,
357 505 389 556 ut
405 502 551 556 haerentes
567 501 681 555 adverso
697 499 792 554 littore
809 517 892 554 nares
961 517 1002 558 aas

147 575 296 646 Eriperem,
313 576 434 646 prudens
451 575 555 644 placavi
573 575 703 642 sanguine
720 573 812 627 divos?

146 651 268 719 ‘Nempe
284 655 340 718 tuo,
357 649 472 704 furiose?
509 650 595 716 ‘Mea
615 649 664 703 sed
681 665 735 702 non
753 649 884 706 furiosus!

148 725 200 788 Qui
218 725 320 793 species
337 725 403 778 alias
420 723 491 777 veris
509 723 673 792 scelerisque
691 724 812 778 tumultu

148 798 299 852 Permixtas
317 799 406 867 eapiet
422 801 572 852 commotus
588 797 743 863 habebitur,
761 803 844 868 atqua

147 873 304 928 Stultitiane
322 877 397 928 erret
413 873 527 926 nihilum
545 873 660 926 distabit
677 889 712 926 an
729 872 777 926 ira
960 891 997 931 aro

147 947 221 1016 Ajax
237 949 388 1002 immeritos
405 965 466 1002 cum
483 947 583 1001 occidit
600 947 702 1016 desipit
719 964 818 1015 agnos:

148 1022 216 1077 (lum
232 1023 353 1092 pmdens
371 1022 458 1077 scelus
475 1021 510 1075 ob
528 1021 624 1076 titulos
643 1021 767 1076 admittis
787 1023 890 1090 inanes,

147 1097 209 1151 Stes
218 1098 308 1152 animo
317 1101 346 1152 et
353 1114 451 1166 purum
460 1100 503 1150 cst
511 1096 579 1150 vitio
588 1095 647 1166 tibi,
657 1113 718 1150 eum
727 1097 863 1150 tumidum
873 1101 924 1166 est,
934 1103 996 1156 eorl

147 1172 176 1226 Si
193 1173 254 1241 quis
271 1173 366 1226 lectica
382 1171 498 1225 nitidam
515 1175 625 1238 gestare
642 1174 716 1225 amet
733 1188 837 1240 agnarn,

147 1246 220 1300 Huic
236 1251 347 1313 vestem,
358 1250 390 1300 ut
407 1249 495 1313 natae,
512 1250 592 1314 paret
608 1245 726 1313 ancillas,
739 1249 820 1314 paret
837 1263 941 1316 aarum,
958 1263 996 1304 ns

146 1320 246 1374 Italam
263 1324 311 1374 aut
329 1320 459 1374 Pusillam
476 1321 595 1388 appellet
613 1321 733 1388 fortique
750 1322 849 1374 marito

146 1395 274 1448 Destinet
290 1411 419 1460 uxorem
436 1394 584 1448 interdicto
600 1395 663 1449 huie
681 1412 760 1448 omne
778 1397 881 1450 adimat
894 1396 942 1464 jus

147 1469 261 1523 Praetor
277 1473 307 1524 ct
323 1469 360 1522 ad
377 1485 457 1523 sanos
473 1468 555 1522 abeat
571 1470 660 1524 tutela
676 1471 848 1539 propinquos.

146 1544 237 1608 Quidl
255 1545 278 1598 si
295 1545 355 1613 quis
372 1547 465 1598 natam
481 1560 531 1611 pro
548 1548 625 1598 muta
642 1545 759 1599 devoret
776 1562 846 1612 agna

146 1619 258 1688 Integer
275 1624 318 1674 est
334 1619 436 1680 animil
471 1617 498 1672 N
500 1635 515 1672 e
534 1618 643 1674 dixeris.
678 1620 751 1687 Ergo
768 1621 816 1672 ubi
831 1639 918 1688 prava
957 1639 994 1678 aro

145 1693 268 1748 Stultitia
285 1695 329 1748 hic
346 1709 450 1748 summa
468 1697 511 1748 est
528 1693 645 1758 insania;
663 1693 709 1762 qui
727 1694 881 1762 sceleratus,
953 1733 955 1736 -

145 1769 183 1822 nt
199 1769 315 1822 furiosus
333 1770 400 1835 erit3
417 1785 499 1838 quem
517 1769 590 1836 cepit
609 1768 697 1821 vitrea
714 1769 793 1835 fama,

146 1844 228 1898 Hune
244 1844 435 1898 circumtonuit
450 1843 573 1910 gaudens
590 1841 704 1896 Bellona
720 1845 847 1898 eruentis.

145 1918 172 1970 N
174 1934 225 1970 une
241 1933 292 1985 age
307 1917 442 1970 luxuriam
460 1919 489 1971 et
507 1918 708 1970 Nomentanum
726 1918 816 1986 arripe
833 1934 956 1974 mecum:

145 1990 247 2044 Vincet
264 1991 337 2044 enim
355 1991 453 2045 stultos
470 1992 540 2045 ratio
557 1991 674 2044 insanire
691 1996 811 2059 nepotes
957 2007 994 2048 aaa

145 2065 202 2119 IIic
219 2065 298 2118 simul
314 2065 419 2132 acecpit
436 2064 582 2132 patrimoni
596 2063 673 2116 mille
690 2064 802 2131 talenta,

143 2137 239 2210 ¹Edicit
255 2139 372 2208 piscator
388 2139 437 2202 uti,
454 2139 599 2206 pomarius,
618 2154 725 2206 auceps,
841 2139 843 2142 ’

144 2211 349 2280 Unguentarius
366 2219 398 2266 ac
416 2212 495 2266 'lusci
512 2211 595 2266 turba
612 2212 695 2281 impia
713 2212 771 2281 vici,
811 2256 812 2260 ,

145 2287 215 2341 Cum
233 2287 332 2342 scurris
349 2287 442 2354 fartor,
461 2303 522 2340 cum
540 2285 660 2340 Velabro
678 2303 757 2340 omne
771 2289 921 2356 macellum,

144 2361 228 2414 Mane
236 2361 346 2436 domum
353 2361 471 2415 veniant.
490 2360 562 2424 Quid
569 2363 646 2414 tuml
664 2360 948 2429 Venerefrequentes.
955 2379 992 2419 rso
1049 2374 1053 2379 ’

145 2434 239 2488 Verba
255 2435 321 2489 facit
337 2435 413 2490 leno:
434 2435 574 2504 Quidquid
590 2434 664 2500 mihi,
683 2435 818 2502 quidquid
835 2440 865 2488 et
882 2437 980 2490 horam

145 2509 251 2577 Cuique
260 2509 333 2562 domi
344 2514 395 2578 est,
403 2510 434 2563 id
445 2511 528 2584 crede
539 2514 618 2563 tuum
630 2513 659 2562 et
668 2509 711 2562 rel
720 2525 792 2564 nunc
800 2513 864 2577 pete
872 2511 916 2563 rel
924 2528 993 2565 cras.

145 2585 247 2651 Aecipe
263 2583 331 2651 quid
347 2588 441 2637 contra
453 2584 564 2650 juvenis
580 2583 754 2652 responderit
771 2599 886 2652 aequus:

143 2657 192 2710 ‘lu
209 2657 271 2710 nive
288 2657 397 2710 Lucana
414 2657 517 2710 dormis
534 2661 659 2711 ocreatus
676 2661 708 2712 ut
725 2675 821 2726 aprum

144 2731 346 2798 Coenamegm
362 2733 395 2784 tu
410 2731 500 2798 pisces
517 2730 632 2784 hiberno
650 2747 684 2785 ex
701 2749 820 2801 aequore
836 2736 930 2789 verris.
956 2751 992 2792 aas

143 2804 240 2872 Segnis
257 2820 315 2872 ego,
326 2804 453 2872 indignus
471 2804 518 2872 qui
536 2808 644 2858 tantum
660 2808 941 2874 possideam:·aulcr:

144 2878 227 2932 Sume
243 2878 296 2932 tibi
313 2879 418 2943 decies3
434 2877 486 2932 tibi
504 2879 689 2944 tantumdem
706 2881 758 2934 tibi
769 2883 872 2950 triplex

144 2947 226 3003 Unde
242 2968 312 3004 uxor
327 2952 418 3005 media
435 2952 521 3005 currit
538 2953 574 3005 de
591 2957 671 3007 noete
687 2956 797 3008 roeata'

144 3023 231 3082 Filius
248 3026 350 3091 Aesopi
366 3025 516 3079 detractam
535 3043 570 3078 en
587 3043 653 3079 aure
671 3027 807 3095 Metellae,

145 3096 253 3148 Scilicet
270 3103 302 3148 ut
319 3097 410 3150 decies
427 3099 542 3150 solidum
561 3099 727 3165 absorberet,
745 3107 824 3156 aceto
957 3125 994 3165 em

145 3167 233 3221 Diluit
249 3168 381 3236 insignem
399 3170 521 3236 baccam:
539 3173 586 3239 qui
604 3172 695 3226 sanior
712 3189 743 3226 ae
761 3175 786 3228 si
