<?xml version="1.0" encoding="UTF-8"?>
<!DOCTYPE html PUBLIC "-//W3C//DTD XHTML 1.0 Transitional//EN"
    "http://www.w3.org/TR/xhtml1/DTD/xhtml1-transitional.dtd">
<html xmlns="http://www.w3.org/1999/xhtml" xml:lang="en" lang="en">
 <head>
  <title>
</title>
<meta http-equiv="Content-Type" content="text/html;charset=utf-8" />
  <meta name='ocr-system' content='tesseract 3.04.00' />
  <meta name='ocr-capabilities' content='ocr_page ocr_carea ocr_par ocr_line ocrx_word'/>
</head>
<body>
  <div class='ocr_page' id='page_1' title='image "./operaomniaexrec00horagoog_0044.png"; bbox 0 0 2268 3448; ppageno 0'>
   <div class='ocr_carea' id='block_1_1' title="bbox 419 176 991 232">
    <p class='ocr_par' dir='ltr' id='par_1_1' title="bbox 419 176 991 232">
     <span class='ocr_line' id='line_1_1' title="bbox 419 176 991 232; baseline -0.024 0"><span class='ocrx_word' id='word_1_1' title='bbox 419 179 623 232; x_wconf 76' lang='lat' dir='ltr'><strong>cAaMINUM</strong></span> <span class='ocrx_word' id='word_1_2' title='bbox 638 176 676 227; x_wconf 91' lang='lat'><strong>11.</strong></span> <span class='ocrx_word' id='word_1_3' title='bbox 694 179 720 226; x_wconf 82' lang='lat' dir='ltr'><strong>a·</strong></span> <span class='ocrx_word' id='word_1_4' title='bbox 964 183 991 229; x_wconf 79' lang='lat'><strong>31</strong></span> 
     </span>
    </p>
   </div>
   <div class='ocr_carea' id='block_1_2' title="bbox 281 255 995 1441">
    <p class='ocr_par' dir='ltr' id='par_1_2' title="bbox 281 255 995 1441">
     <span class='ocr_line' id='line_1_2' title="bbox 282 255 835 333; baseline -0.025 -11"><span class='ocrx_word' id='word_1_5' title='bbox 282 267 338 322; x_wconf 79' lang='lat' dir='ltr'><strong>Sed</strong></span> <span class='ocrx_word' id='word_1_6' title='bbox 354 281 399 319; x_wconf 89' lang='lat' dir='ltr'><strong>me</strong></span> <span class='ocrx_word' id='word_1_7' title='bbox 415 280 467 333; x_wconf 90' lang='lat' dir='ltr'><strong>per</strong></span> <span class='ocrx_word' id='word_1_8' title='bbox 482 263 575 316; x_wconf 83' lang='lat' dir='ltr'><strong>hostes</strong></span> <span class='ocrx_word' id='word_1_9' title='bbox 594 256 746 313; x_wconf 82' lang='lat' dir='ltr'><strong>Mercurius</strong></span> <span class='ocrx_word' id='word_1_10' title='bbox 763 255 835 310; x_wconf 86' lang='lat' dir='ltr'><strong>celer</strong></span> 
     </span>
     <span class='ocr_line' id='line_1_3' title="bbox 282 333 764 408; baseline -0.027 -12"><span class='ocrx_word' id='word_1_11' title='bbox 282 341 374 396; x_wconf 87' lang='lat' dir='ltr'><strong>Denso</strong></span> <span class='ocrx_word' id='word_1_12' title='bbox 392 341 537 408; x_wconf 84' lang='lat' dir='ltr'><strong>paventem</strong></span> <span class='ocrx_word' id='word_1_13' title='bbox 555 333 666 388; x_wconf 76' lang='lat' dir='ltr'><strong>sustulit</strong></span> <span class='ocrx_word' id='word_1_14' title='bbox 682 336 764 396; x_wconf 70' lang='lat' dir='ltr'><strong>aere;</strong></span> 
     </span>
     <span class='ocr_line' id='line_1_4' title="bbox 315 405 994 469; baseline -0.018 1"><span class='ocrx_word' id='word_1_15' title='bbox 315 416 354 469; x_wconf 84' lang='lat' dir='ltr'><strong>&#39;le</strong></span> <span class='ocrx_word' id='word_1_16' title='bbox 370 429 465 468; x_wconf 84' lang='lat' dir='ltr'><strong>rursus</strong></span> <span class='ocrx_word' id='word_1_17' title='bbox 480 412 509 465; x_wconf 90' lang='lat' dir='ltr'><strong>in</strong></span> <span class='ocrx_word' id='word_1_18' title='bbox 526 410 628 464; x_wconf 86' lang='lat' dir='ltr'><strong>bellum</strong></span> <span class='ocrx_word' id='word_1_19' title='bbox 644 405 788 461; x_wconf 81' lang='lat' dir='ltr'><strong>resorbens</strong></span> <span class='ocrx_word' id='word_1_20' title='bbox 972 415 994 458; x_wconf 74' lang='grc' dir='ltr'><strong>ιε</strong></span> 
     </span>
     <span class='ocr_line' id='line_1_5' title="bbox 349 481 766 544; baseline -0.031 0"><span class='ocrx_word' id='word_1_21' title='bbox 349 489 432 544; x_wconf 81' lang='lat' dir='ltr'><strong>Unda</strong></span> <span class='ocrx_word' id='word_1_22' title='bbox 448 487 527 541; x_wconf 87' lang='lat' dir='ltr'><strong>fratis</strong></span> <span class='ocrx_word' id='word_1_23' title='bbox 543 483 609 539; x_wconf 87' lang='lat' dir='ltr'><strong>tulit</strong></span> <span class='ocrx_word' id='word_1_24' title='bbox 625 481 766 537; x_wconf 76' lang='lat' dir='ltr'><strong>aestuosis.</strong></span> 
     </span>
     <span class='ocr_line' id='line_1_6' title="bbox 281 556 820 634; baseline -0.03 -13"><span class='ocrx_word' id='word_1_25' title='bbox 281 567 354 634; x_wconf 80' lang='lat' dir='ltr'><strong>Ergo</strong></span> <span class='ocrx_word' id='word_1_26' title='bbox 371 563 518 631; x_wconf 72' lang='lat' dir='ltr'>obligatam</span> <span class='ocrx_word' id='word_1_27' title='bbox 535 557 622 614; x_wconf 89' lang='lat' dir='ltr'><strong>redde</strong></span> <span class='ocrx_word' id='word_1_28' title='bbox 639 557 703 611; x_wconf 83' lang='lat' dir='ltr'><strong>&#39;Jovi</strong></span> <span class='ocrx_word' id='word_1_29' title='bbox 721 556 820 622; x_wconf 82' lang='lat' dir='ltr'><strong>dapem</strong></span> 
     </span>
     <span class='ocr_line' id='line_1_7' title="bbox 282 631 753 708; baseline -0.028 -12"><span class='ocrx_word' id='word_1_30' title='bbox 282 641 429 708; x_wconf 80' lang='lat' dir='ltr'><strong>Longaque</strong></span> <span class='ocrx_word' id='word_1_31' title='bbox 446 637 548 691; x_wconf 87' lang='lat' dir='ltr'><strong>fessum</strong></span> <span class='ocrx_word' id='word_1_32' title='bbox 565 633 662 688; x_wconf 83' lang='lat' dir='ltr'><strong>militia</strong></span> <span class='ocrx_word' id='word_1_33' title='bbox 679 631 753 685; x_wconf 88' lang='lat' dir='ltr'><strong>latus</strong></span> 
     </span>
     <span class='ocr_line' id='line_1_8' title="bbox 315 711 741 783; baseline -0.028 -13"><span class='ocrx_word' id='word_1_34' title='bbox 315 716 429 783; x_wconf 77' lang='lat' dir='ltr'><strong>Depone</strong></span> <span class='ocrx_word' id='word_1_35' title='bbox 447 712 498 767; x_wconf 92' lang='lat' dir='ltr'><strong>sub</strong></span> <span class='ocrx_word' id='word_1_36' title='bbox 514 711 594 765; x_wconf 82' lang='lat' dir='ltr'><strong>lauru</strong></span> <span class='ocrx_word' id='word_1_37' title='bbox 610 724 673 763; x_wconf 87' lang='lat' dir='ltr'><strong>mea</strong></span> <span class='ocrx_word' id='word_1_38' title='bbox 684 711 741 759; x_wconf 74' lang='lat' dir='ltr'><strong>&#39;nec</strong></span> 
     </span>
     <span class='ocr_line' id='line_1_9' title="bbox 349 779 994 842; baseline -0.023 1"><span class='ocrx_word' id='word_1_39' title='bbox 349 789 435 842; x_wconf 88' lang='lat' dir='ltr'><strong>Parce</strong></span> <span class='ocrx_word' id='word_1_40' title='bbox 452 787 527 842; x_wconf 82' lang='lat' dir='ltr'><strong>cadis</strong></span> <span class='ocrx_word' id='word_1_41' title='bbox 542 785 595 839; x_wconf 81' lang='lat' dir='ltr'><strong>tibi</strong></span> <span class='ocrx_word' id='word_1_42' title='bbox 612 779 762 837; x_wconf 83' lang='lat' dir='ltr'><strong>destinatis</strong></span> <span class='ocrx_word' id='word_1_43' title='bbox 970 789 994 828; x_wconf 81' lang='lat' dir='ltr'><strong>so</strong></span> 
     </span>
     <span class='ocr_line' id='line_1_10' title="bbox 282 859 639 920; baseline -0.017 -1"><span class='ocrx_word' id='word_1_44' title='bbox 282 864 419 920; x_wconf 80' lang='lat' dir='ltr'><strong>Obliviose</strong></span> <span class='ocrx_word' id='word_1_45' title='bbox 435 863 506 916; x_wconf 81' lang='lat' dir='ltr'><strong>levia</strong></span> <span class='ocrx_word' id='word_1_46' title='bbox 522 859 639 914; x_wconf 83' lang='lat' dir='ltr'><strong>Massico</strong></span> 
     </span>
     <span class='ocr_line' id='line_1_11' title="bbox 283 930 769 1004; baseline -0.023 -10"><span class='ocrx_word' id='word_1_47' title='bbox 283 938 392 996; x_wconf 81' lang='lat' dir='ltr'><strong>Oiboria</strong></span> <span class='ocrx_word' id='word_1_48' title='bbox 409 937 505 1004; x_wconf 86' lang='lat' dir='ltr'><strong>exple;</strong></span> <span class='ocrx_word' id='word_1_49' title='bbox 522 934 607 989; x_wconf 87' lang='lat' dir='ltr'><strong>funde</strong></span> <span class='ocrx_word' id='word_1_50' title='bbox 626 930 769 1002; x_wconf 79' lang='lat' dir='ltr'><strong>capacibus</strong></span> 
     </span>
     <span class='ocr_line' id='line_1_12' title="bbox 316 1004 820 1080; baseline -0.024 -13"><span class='ocrx_word' id='word_1_51' title='bbox 316 1013 464 1080; x_wconf 82' lang='lat' dir='ltr'><strong>Unguenta</strong></span> <span class='ocrx_word' id='word_1_52' title='bbox 481 1011 516 1064; x_wconf 92' lang='lat' dir='ltr'><strong>de</strong></span> <span class='ocrx_word' id='word_1_53' title='bbox 534 1008 647 1064; x_wconf 75' lang='lat' dir='ltr'>conchis.</span> <span class='ocrx_word' id='word_1_54' title='bbox 682 1004 820 1069; x_wconf 79' lang='lat' dir='ltr'><strong>Quis-udo</strong></span> 
     </span>
     <span class='ocr_line' id='line_1_13' title="bbox 351 1084 749 1155; baseline -0.023 -14"><span class='ocrx_word' id='word_1_55' title='bbox 351 1088 540 1155; x_wconf 87' lang='lat' dir='ltr'><strong>Deproperare</strong></span> <span class='ocrx_word' id='word_1_56' title='bbox 557 1084 619 1152; x_wconf 88' lang='lat' dir='ltr'><strong>apio</strong></span> <span class='ocrx_word' id='word_1_57' title='bbox 637 1095 749 1151; x_wconf 84' lang='lat' dir='ltr'><strong>coronas</strong></span> 
     </span>
     <span class='ocr_line' id='line_1_14' title="bbox 283 1151 995 1230; baseline -0.028 -10"><span class='ocrx_word' id='word_1_58' title='bbox 283 1165 401 1220; x_wconf 78' lang='lat' dir='ltr'><strong>(lmatve</strong></span> <span class='ocrx_word' id='word_1_59' title='bbox 417 1163 525 1230; x_wconf 82' lang='lat' dir='ltr'><strong>myrtel</strong></span> <span class='ocrx_word' id='word_1_60' title='bbox 544 1175 626 1228; x_wconf 90' lang='lat' dir='ltr'><strong>quem</strong></span> <span class='ocrx_word' id='word_1_61' title='bbox 644 1157 738 1209; x_wconf 87' lang='lat' dir='ltr'><strong>Venus</strong></span> <span class='ocrx_word' id='word_1_62' title='bbox 755 1151 889 1206; x_wconf 82' lang='lat' dir='ltr'><strong>arbitrum</strong></span> <span class='ocrx_word' id='word_1_63' title='bbox 969 1162 995 1202; x_wconf 75' lang='grc' dir='ltr'><strong>ιι</strong></span> 
     </span>
     <span class='ocr_line' id='line_1_15' title="bbox 283 1228 787 1300; baseline -0.022 -7"><span class='ocrx_word' id='word_1_64' title='bbox 283 1239 363 1294; x_wconf 88' lang='lat' dir='ltr'><strong>Dicet</strong></span> <span class='ocrx_word' id='word_1_65' title='bbox 380 1236 510 1290; x_wconf 82' lang='lat' dir='ltr'><strong>bibendil</strong></span> <span class='ocrx_word' id='word_1_66' title='bbox 547 1234 573 1287; x_wconf 90' lang='lat' dir='ltr'><strong>N</strong></span> <span class='ocrx_word' id='word_1_67' title='bbox 575 1251 610 1287; x_wconf 91' lang='lat' dir='ltr'><strong>en</strong></span> <span class='ocrx_word' id='word_1_68' title='bbox 627 1247 677 1300; x_wconf 81' lang='lat' dir='ltr'><strong>ego</strong></span> <span class='ocrx_word' id='word_1_69' title='bbox 696 1228 787 1283; x_wconf 89' lang='lat' dir='ltr'><strong>sanius</strong></span> 
     </span>
     <span class='ocr_line' id='line_1_16' title="bbox 316 1309 737 1374; baseline -0.024 -6"><span class='ocrx_word' id='word_1_70' title='bbox 316 1312 472 1368; x_wconf 83' lang='lat' dir='ltr'><strong>Bacchubor</strong></span> <span class='ocrx_word' id='word_1_71' title='bbox 490 1309 608 1364; x_wconf 83' lang='lat' dir='ltr'><strong>ildonis:</strong></span> <span class='ocrx_word' id='word_1_72' title='bbox 625 1309 737 1374; x_wconf 85' lang='lat' dir='ltr'><strong>recepte</strong></span> 
     </span>
     <span class='ocr_line' id='line_1_17' title="bbox 350 1378 799 1441; baseline -0.02 1"><span class='ocrx_word' id='word_1_73' title='bbox 350 1387 436 1441; x_wconf 88' lang='lat' dir='ltr'><strong>Dulce</strong></span> <span class='ocrx_word' id='word_1_74' title='bbox 452 1385 519 1440; x_wconf 90' lang='lat' dir='ltr'><strong>mihi</strong></span> <span class='ocrx_word' id='word_1_75' title='bbox 535 1385 627 1437; x_wconf 83' lang='lat' dir='ltr'><strong>furere</strong></span> <span class='ocrx_word' id='word_1_76' title='bbox 645 1384 688 1436; x_wconf 84' lang='lat' dir='ltr'><strong>est</strong></span> <span class='ocrx_word' id='word_1_77' title='bbox 705 1378 799 1433; x_wconf 85' lang='lat' dir='ltr'><strong>amice.</strong></span> 
     </span>
    </p>
   </div>
   <div class='ocr_carea' id='block_1_3' title="bbox 211 1589 999 3248">
    <p class='ocr_par' dir='ltr' id='par_1_3' title="bbox 211 1589 999 3248">
     <span class='ocr_line' id='line_1_18' title="bbox 283 1589 840 1678; baseline -0.02 -10"><span class='ocrx_word' id='word_1_78' title='bbox 283 1614 364 1668; x_wconf 65' lang='lat' dir='ltr'><strong>um</strong></span> <span class='ocrx_word' id='word_1_79' title='bbox 381 1610 490 1678; x_wconf 74' lang='lat' dir='ltr'><strong>ejuns</strong></span> <span class='ocrx_word' id='word_1_80' title='bbox 506 1609 559 1664; x_wconf 76' lang='lat' dir='ltr'><strong>esi</strong></span> <span class='ocrx_word' id='word_1_81' title='bbox 575 1607 690 1677; x_wconf 52' lang='lat' dir='ltr'><strong>merae</strong></span> <span class='ocrx_word' id='word_1_82' title='bbox 723 1635 726 1642; x_wconf 82' lang='lat'>·</span> <span class='ocrx_word' id='word_1_83' title='bbox 824 1589 840 1620; x_wconf 85' lang='lat'><strong>·</strong></span> 
     </span>
     <span class='ocr_line' id='line_1_19' title="bbox 284 1682 806 1754; baseline -0.021 -12"><span class='ocrx_word' id='word_1_84' title='bbox 284 1688 383 1754; x_wconf 85' lang='lat' dir='ltr'><strong>Poena,</strong></span> <span class='ocrx_word' id='word_1_85' title='bbox 400 1684 509 1752; x_wconf 85' lang='lat' dir='ltr'><strong>Barine,</strong></span> <span class='ocrx_word' id='word_1_86' title='bbox 525 1682 663 1736; x_wconf 74' lang='lat' dir='ltr'><strong>nocuisset</strong></span> <span class='ocrx_word' id='word_1_87' title='bbox 678 1694 806 1748; x_wconf 69' lang='lat' dir='ltr'><strong>nmquam,</strong></span> 
     </span>
     <span class='ocr_line' id='line_1_20' title="bbox 284 1755 740 1827; baseline -0.022 -10"><span class='ocrx_word' id='word_1_88' title='bbox 284 1762 375 1817; x_wconf 88' lang='lat' dir='ltr'><strong>Dente</strong></span> <span class='ocrx_word' id='word_1_89' title='bbox 392 1759 416 1814; x_wconf 90' lang='lat' dir='ltr'><strong>si</strong></span> <span class='ocrx_word' id='word_1_90' title='bbox 432 1759 511 1827; x_wconf 82' lang='lat' dir='ltr'><strong>nigro</strong></span> <span class='ocrx_word' id='word_1_91' title='bbox 528 1758 611 1812; x_wconf 86' lang='lat' dir='ltr'><strong>lieres</strong></span> <span class='ocrx_word' id='word_1_92' title='bbox 624 1755 668 1810; x_wconf 85' lang='lat' dir='ltr'><strong>vel</strong></span> <span class='ocrx_word' id='word_1_93' title='bbox 685 1771 740 1808; x_wconf 91' lang='lat' dir='ltr'><strong>uno</strong></span> 
     </span>
     <span class='ocr_line' id='line_1_21' title="bbox 318 1833 540 1905; baseline -0.018 -15"><span class='ocrx_word' id='word_1_94' title='bbox 318 1835 433 1905; x_wconf 76' lang='lat' dir='ltr'><strong>Turpior</strong></span> <span class='ocrx_word' id='word_1_95' title='bbox 449 1833 540 1902; x_wconf 80' lang='lat' dir='ltr'><strong>ungui,</strong></span> 
     </span>
     <span class='ocr_line' id='line_1_22' title="bbox 285 1903 999 1973; baseline -0.017 -8"><span class='ocrx_word' id='word_1_96' title='bbox 285 1911 439 1966; x_wconf 74' lang='lat' dir='ltr'><strong>Crederem.</strong></span> <span class='ocrx_word' id='word_1_97' title='bbox 474 1909 531 1963; x_wconf 80' lang='lat' dir='ltr'><strong>Sed</strong></span> <span class='ocrx_word' id='word_1_98' title='bbox 547 1911 580 1963; x_wconf 92' lang='lat' dir='ltr'><strong>tu</strong></span> <span class='ocrx_word' id='word_1_99' title='bbox 598 1906 677 1962; x_wconf 87' lang='lat' dir='ltr'><strong>simul</strong></span> <span class='ocrx_word' id='word_1_100' title='bbox 694 1903 820 1973; x_wconf 80' lang='lat' dir='ltr'><strong>obligasti</strong></span> <span class='ocrx_word' id='word_1_101' title='bbox 986 1921 999 1961; x_wconf 71' lang='grc' dir='ltr'><strong>ς</strong></span> 
     </span>
     <span class='ocr_line' id='line_1_23' title="bbox 285 1980 753 2052; baseline -0.017 -11"><span class='ocrx_word' id='word_1_102' title='bbox 285 1986 424 2041; x_wconf 89' lang='lat' dir='ltr'><strong>Perfidum</strong></span> <span class='ocrx_word' id='word_1_103' title='bbox 440 1983 512 2038; x_wconf 83' lang='lat' dir='ltr'><strong>retis</strong></span> <span class='ocrx_word' id='word_1_104' title='bbox 528 1983 611 2052; x_wconf 77' lang='lat' dir='ltr'><strong>&#39;eaput</strong></span> <span class='ocrx_word' id='word_1_105' title='bbox 627 1980 753 2036; x_wconf 82' lang='lat' dir='ltr'><strong>enitescis</strong></span> 
     </span>
     <span class='ocr_line' id='line_1_24' title="bbox 285 2053 845 2127; baseline -0.016 -13"><span class='ocrx_word' id='word_1_106' title='bbox 285 2060 425 2115; x_wconf 83' lang='lat' dir='ltr'><strong>Pulchrior</strong></span> <span class='ocrx_word' id='word_1_107' title='bbox 441 2059 534 2127; x_wconf 88' lang='lat' dir='ltr'><strong>multo,</strong></span> <span class='ocrx_word' id='word_1_108' title='bbox 547 2057 733 2127; x_wconf 80' lang='lat' dir='ltr'><strong>juvenumque</strong></span> <span class='ocrx_word' id='word_1_109' title='bbox 750 2053 845 2122; x_wconf 86' lang='lat' dir='ltr'><strong>predis</strong></span> 
     </span>
     <span class='ocr_line' id='line_1_25' title="bbox 319 2135 519 2189; baseline 0 -1"><span class='ocrx_word' id='word_1_110' title='bbox 319 2135 431 2189; x_wconf 87' lang='lat' dir='ltr'><strong>Publica</strong></span> <span class='ocrx_word' id='word_1_111' title='bbox 447 2150 519 2188; x_wconf 85' lang='lat' dir='ltr'><strong>cura</strong></span> 
     </span>
     <span class='ocr_line' id='line_1_26' title="bbox 285 2207 763 2278; baseline -0.01 -15"><span class='ocrx_word' id='word_1_112' title='bbox 285 2209 404 2278; x_wconf 77' lang='lat' dir='ltr'><strong>Expedit</strong></span> <span class='ocrx_word' id='word_1_113' title='bbox 420 2208 516 2263; x_wconf 82' lang='lat' dir='ltr'><strong>matris</strong></span> <span class='ocrx_word' id='word_1_114' title='bbox 533 2207 637 2262; x_wconf 87' lang='lat' dir='ltr'><strong>eineres</strong></span> <span class='ocrx_word' id='word_1_115' title='bbox 654 2207 763 2274; x_wconf 82' lang='lat' dir='ltr'><strong>opertos</strong></span> 
     </span>
     <span class='ocr_line' id='line_1_27' title="bbox 285 2279 996 2338; baseline -0.013 0"><span class='ocrx_word' id='word_1_116' title='bbox 285 2283 391 2338; x_wconf 81' lang='lat' dir='ltr'><strong>Fallere</strong></span> <span class='ocrx_word' id='word_1_117' title='bbox 407 2285 437 2337; x_wconf 86' lang='lat' dir='ltr'><strong>et</strong></span> <span class='ocrx_word' id='word_1_118' title='bbox 455 2285 514 2336; x_wconf 83' lang='lat' dir='ltr'><strong>toto</strong></span> <span class='ocrx_word' id='word_1_119' title='bbox 531 2282 666 2336; x_wconf 84' lang='lat' dir='ltr'><strong>taciturna</strong></span> <span class='ocrx_word' id='word_1_120' title='bbox 682 2279 770 2333; x_wconf 84' lang='lat' dir='ltr'><strong>noetis</strong></span> <span class='ocrx_word' id='word_1_121' title='bbox 971 2289 996 2331; x_wconf 79' lang='lat' dir='ltr'><strong>re</strong></span> 
     </span>
     <span class='ocr_line' id='line_1_28' title="bbox 284 2354 791 2426; baseline -0.014 -13"><span class='ocrx_word' id='word_1_122' title='bbox 284 2358 368 2426; x_wconf 79' lang='lat' dir='ltr'><strong>signa</strong></span> <span class='ocrx_word' id='word_1_123' title='bbox 383 2374 446 2412; x_wconf 88' lang='lat' dir='ltr'><strong>cum</strong></span> <span class='ocrx_word' id='word_1_124' title='bbox 463 2357 537 2411; x_wconf 90' lang='lat' dir='ltr'><strong>caelo</strong></span> <span class='ocrx_word' id='word_1_125' title='bbox 553 2355 697 2424; x_wconf 84' lang='lat' dir='ltr'><strong>gelidaque</strong></span> <span class='ocrx_word' id='word_1_126' title='bbox 715 2354 791 2406; x_wconf 75' lang='lat' dir='ltr'><strong>divos</strong></span> 
     </span>
     <span class='ocr_line' id='line_1_29' title="bbox 318 2433 557 2486; baseline -0.017 0"><span class='ocrx_word' id='word_1_127' title='bbox 318 2433 409 2486; x_wconf 83' lang='lat' dir='ltr'><strong>Morte</strong></span> <span class='ocrx_word' id='word_1_128' title='bbox 426 2434 557 2485; x_wconf 86' lang='lat' dir='ltr'><strong>carentes.</strong></span> 
     </span>
     <span class='ocr_line' id='line_1_30' title="bbox 285 2501 869 2572; baseline -0.009 -12"><span class='ocrx_word' id='word_1_129' title='bbox 285 2507 370 2560; x_wconf 86' lang='lat' dir='ltr'><strong>Ridet</strong></span> <span class='ocrx_word' id='word_1_130' title='bbox 386 2507 438 2558; x_wconf 91' lang='lat' dir='ltr'><strong>hoc</strong></span> <span class='ocrx_word' id='word_1_131' title='bbox 454 2505 566 2572; x_wconf 88' lang='lat' dir='ltr'><strong>inquam</strong></span> <span class='ocrx_word' id='word_1_132' title='bbox 583 2504 610 2557; x_wconf 84' lang='lat' dir='ltr'>V</span> <span class='ocrx_word' id='word_1_133' title='bbox 627 2518 679 2556; x_wconf 87' lang='lat' dir='ltr'><strong>nus</strong></span> <span class='ocrx_word' id='word_1_134' title='bbox 695 2502 761 2570; x_wconf 86' lang='lat' dir='ltr'><strong>ipsa,</strong></span> <span class='ocrx_word' id='word_1_135' title='bbox 778 2501 869 2555; x_wconf 86' lang='lat' dir='ltr'><strong>rident</strong></span> 
     </span>
     <span class='ocr_line' id='line_1_31' title="bbox 286 2520 855 2648; baseline -0.007 -14"><span class='ocrx_word' id='word_1_136' title='bbox 286 2580 427 2648; x_wconf 81' lang='lat' dir='ltr'><strong>Simplices</strong></span> <span class='ocrx_word' id='word_1_137' title='bbox 444 2578 593 2647; x_wconf 77' lang='lat' dir='ltr'><strong>Nymphae,</strong></span> <span class='ocrx_word' id='word_1_138' title='bbox 610 2520 685 2631; x_wconf 50' lang='lat' dir='ltr'><strong>perus</strong></span> <span class='ocrx_word' id='word_1_139' title='bbox 703 2581 733 2630; x_wconf 89' lang='lat' dir='ltr'><strong>et</strong></span> <span class='ocrx_word' id='word_1_140' title='bbox 750 2565 855 2644; x_wconf 74' lang='lat' dir='ltr'><strong>(lupide</strong></span> 
     </span>
     <span class='ocr_line' id='line_1_32' title="bbox 286 2653 993 2724; baseline -0.003 -14"><span class='ocrx_word' id='word_1_141' title='bbox 286 2656 400 2724; x_wconf 78' lang='lat' dir='ltr'><strong>Semper</strong></span> <span class='ocrx_word' id='word_1_142' title='bbox 417 2653 545 2715; x_wconf 83' lang='lat' dir='ltr'><strong>ardentes</strong></span> <span class='ocrx_word' id='word_1_143' title='bbox 562 2669 661 2708; x_wconf 87' lang='lat' dir='ltr'><strong>acuens</strong></span> <span class='ocrx_word' id='word_1_144' title='bbox 678 2653 792 2721; x_wconf 77' lang='lat' dir='ltr'><strong>sagittas</strong></span> <span class='ocrx_word' id='word_1_145' title='bbox 971 2666 993 2708; x_wconf 72' lang='grc' dir='ltr'><strong>ιε</strong></span> 
     </span>
     <span class='ocr_line' id='line_1_33' title="bbox 211 2730 523 2790; baseline -0.019 0"><span class='ocrx_word' id='word_1_146' title='bbox 211 2780 215 2790; x_wconf 95' lang='grc'><em>,</em></span> <span class='ocrx_word' id='word_1_147' title='bbox 320 2730 388 2784; x_wconf 83' lang='lat' dir='ltr'><strong>Oete</strong></span> <span class='ocrx_word' id='word_1_148' title='bbox 405 2736 523 2784; x_wconf 80' lang='lat' dir='ltr'><strong>eruenta</strong></span> 
     </span>
     <span class='ocr_line' id='line_1_34' title="bbox 288 2803 854 2874; baseline -0.007 -14"><span class='ocrx_word' id='word_1_149' title='bbox 288 2805 370 2860; x_wconf 87' lang='lat' dir='ltr'><strong>Adde</strong></span> <span class='ocrx_word' id='word_1_150' title='bbox 387 2803 461 2874; x_wconf 91' lang='lat' dir='ltr'><strong>quod</strong></span> <span class='ocrx_word' id='word_1_151' title='bbox 478 2805 564 2873; x_wconf 86' lang='lat' dir='ltr'><strong>pubes</strong></span> <span class='ocrx_word' id='word_1_152' title='bbox 581 2805 632 2860; x_wconf 86' lang='lat' dir='ltr'><strong>tibi</strong></span> <span class='ocrx_word' id='word_1_153' title='bbox 650 2805 747 2858; x_wconf 85' lang='lat' dir='ltr'><strong>crescit</strong></span> <span class='ocrx_word' id='word_1_154' title='bbox 763 2804 854 2868; x_wconf 72' lang='lat' dir='ltr'><strong>omnis</strong></span> 
     </span>
     <span class='ocr_line' id='line_1_35' title="bbox 287 2880 804 2947; baseline -0.01 -13"><span class='ocrx_word' id='word_1_155' title='bbox 287 2880 409 2934; x_wconf 82' lang='lat' dir='ltr'><strong>Servitus</strong></span> <span class='ocrx_word' id='word_1_156' title='bbox 426 2881 523 2934; x_wconf 86' lang='lat' dir='ltr'><strong>crescit</strong></span> <span class='ocrx_word' id='word_1_157' title='bbox 540 2897 616 2947; x_wconf 79' lang='lat' dir='ltr'><strong>nova,</strong></span> <span class='ocrx_word' id='word_1_158' title='bbox 632 2895 683 2932; x_wconf 89' lang='lat' dir='ltr'><strong>nee</strong></span> <span class='ocrx_word' id='word_1_159' title='bbox 699 2880 804 2946; x_wconf 88' lang='lat' dir='ltr'><strong>priores</strong></span> 
     </span>
     <span class='ocr_line' id='line_1_36' title="bbox 288 2954 827 3023; baseline -0.006 -14"><span class='ocrx_word' id='word_1_160' title='bbox 288 2955 392 3023; x_wconf 88' lang='lat' dir='ltr'><strong>Impiae</strong></span> <span class='ocrx_word' id='word_1_161' title='bbox 408 2958 512 3009; x_wconf 85' lang='lat' dir='ltr'><strong>tectum</strong></span> <span class='ocrx_word' id='word_1_162' title='bbox 530 2955 654 3008; x_wconf 84' lang='lat' dir='ltr'><strong>deminae</strong></span> <span class='ocrx_word' id='word_1_163' title='bbox 670 2954 827 3020; x_wconf 77' lang='lat' dir='ltr'><strong>relinquunt</strong></span> 
     </span>
     <span class='ocr_line' id='line_1_37' title="bbox 321 3029 998 3098; baseline -0.013 -14"><span class='ocrx_word' id='word_1_164' title='bbox 321 3031 407 3098; x_wconf 76' lang='lat' dir='ltr'><strong>Saepe</strong></span> <span class='ocrx_word' id='word_1_165' title='bbox 424 3029 526 3082; x_wconf 90' lang='lat' dir='ltr'><strong>minati.</strong></span> <span class='ocrx_word' id='word_1_166' title='bbox 977 3053 998 3088; x_wconf 67' lang='grc' dir='ltr'><strong><em>ῃ</em></strong></span> 
     </span>
     <span class='ocr_line' id='line_1_38' title="bbox 287 3100 804 3168; baseline -0.01 -12"><span class='ocrx_word' id='word_1_167' title='bbox 287 3103 326 3158; x_wconf 83' lang='lat' dir='ltr'><strong>&#39;le</strong></span> <span class='ocrx_word' id='word_1_168' title='bbox 343 3107 398 3158; x_wconf 87' lang='lat' dir='ltr'><strong>suis</strong></span> <span class='ocrx_word' id='word_1_169' title='bbox 415 3107 517 3158; x_wconf 86' lang='lat' dir='ltr'><strong>matres</strong></span> <span class='ocrx_word' id='word_1_170' title='bbox 534 3104 660 3156; x_wconf 84' lang='lat' dir='ltr'><strong>metuunt</strong></span> <span class='ocrx_word' id='word_1_171' title='bbox 673 3100 804 3168; x_wconf 86' lang='lat' dir='ltr'><strong>juvencis,</strong></span> 
     </span>
     <span class='ocr_line' id='line_1_39' title="bbox 288 3177 904 3248; baseline -0.013 -16"><span class='ocrx_word' id='word_1_172' title='bbox 288 3177 326 3232; x_wconf 75' lang='lat' dir='ltr'><strong>Te</strong></span> <span class='ocrx_word' id='word_1_173' title='bbox 343 3194 421 3232; x_wconf 85' lang='lat' dir='ltr'><strong>senes</strong></span> <span class='ocrx_word' id='word_1_174' title='bbox 438 3177 512 3248; x_wconf 83' lang='lat' dir='ltr'><strong>parci</strong></span> <span class='ocrx_word' id='word_1_175' title='bbox 530 3177 698 3244; x_wconf 86' lang='lat' dir='ltr'><strong>miseraeque</strong></span> <span class='ocrx_word' id='word_1_176' title='bbox 715 3192 800 3242; x_wconf 87' lang='lat' dir='ltr'><strong>nuper</strong></span> <span class='ocrx_word' id='word_1_177' title='bbox 899 3227 904 3244; x_wconf 63' lang='lat'>‚</span> 
     </span>
    </p>
   </div>
   <div class='ocr_carea' id='block_1_4' title="bbox 0 0 1144 3448">
    <p class='ocr_par' dir='ltr' id='par_1_4' title="bbox 0 0 1144 3448">
     <span class='ocr_line' id='line_1_40' title="bbox 0 0 1144 3448; baseline 0 0"><span class='ocrx_word' id='word_1_178' title='bbox 0 0 1144 3448; x_wconf 95' lang='lat' dir='ltr'><strong> </strong></span> 
     </span>
    </p>
   </div>
  </div>
 </body>
</html>
