2276 3448
406 495 734 564 EPISTOLARUM

227 817 230 822 Ι
332 703 814 786 nrann'snouuous.
846 663 889 695 ⁶*

559 965 576 1018 I

152 1045 218 1100 (iun
235 1049 278 1101 tot
294 1047 428 1102 sustineas
444 1052 473 1102 et
489 1051 568 1102 tanta
583 1045 693 1116 negotia
709 1045 790 1114 solus,

152 1120 209 1174 Res
227 1121 311 1194 Italas
328 1123 410 1176 armis
427 1123 533 1188 tuteris,
551 1122 671 1174 moribus
689 1137 777 1188 ornes,

152 1195 271 1263 Legibus
288 1198 423 1265 emendes,
440 1197 468 1250 in
484 1196 592 1264 publica
608 1195 749 1250 commoda
765 1211 876 1264 peccem

153 1269 182 1322 Si
198 1270 278 1338 longo
295 1287 418 1325 sermone
435 1287 525 1324 morer
542 1275 591 1323 tua
607 1274 738 1338 tempora,
757 1269 863 1324 Caesar·

152 1343 283 1398 Romulus
300 1349 330 1398 et
346 1345 430 1408 Liber
446 1349 524 1414 pater
542 1347 571 1398 et
588 1351 658 1397 cum·
668 1345 781 1398 Castore
799 1345 904 1414 Pollux,
983 1359 998 1400 ⁵

79 1467 82 1472 .
115 1427 118 1433 ‘
152 1419 219 1472 Post
235 1420 356 1487 ingentia
371 1419 444 1473 facta
460 1419 573 1473 deorum
589 1420 618 1472 in
635 1419 737 1488 templa
753 1420 864 1488 recepti,

151 1493 225 1548 Dum
242 1498 329 1548 terras
346 1494 537 1562 hominumque
554 1494 645 1548 colunt
661 1509 753 1562 genus,
770 1509 866 1562 aspera
882 1493 956 1548 bollo

152 1569 338 1638 (lomponunt,
348 1585 427 1638 agros
444 1570 588 1637 assignant,
605 1568 705 1636 oppida
721 1567 848 1635 condunt,

152 1643 295 1698 Plorarere
314 1645 369 1698 suis
386 1661 440 1697 non
457 1642 620 1710 respondere
637 1643 755 1695 latorem
802 1673 805 1677 -

152 1718 297 1786 Speratum
313 1719 426 1772 meritis.
460 1718 555 1770 Diram
573 1717 619 1785 qui
636 1715 760 1769 contudit
776 1715 891 1784 hydram
971 1737 997 1776 ιο

151 1792 280 1862 Notaque
296 1794 372 1847 fatali
388 1796 516 1860 portenta
531 1792 625 1844 laboro
643 1789 760 1858 subegit,

152 1867 291 1937 Comperit
307 1868 436 1922 invidiam
454 1883 578 1936 supremo
595 1867 650 1919 fine
667 1864 778 1920 domari.

63 1995 65 2000 ,
151 1941 217 1996 Urit
233 1944 304 2004 enim
321 1943 426 2012 fulgore
443 1959 491 1996 suo
509 1941 556 2015 qui
571 1943 732 2009 praegravat
748 1942 823 1994 artes

153 2017 230 2070 Infra
245 2035 275 2072 se
291 2018 408 2086 positas;
425 2018 575 2071 exstinctus
591 2015 727 2070 amabitur
743 2013 823 2067 idern

152 2091 295 2145 Praesenti
311 2092 362 2145 tibi
380 2096 500 2144 maturos
518 2091 649 2158 largimur
664 2090 787 2155 honores,
970 2101 996 2142 1⁵

151 2167 171 2219 J
173 2167 344 2235 urendasque
361 2169 439 2219 tuum
456 2181 506 2234 per
522 2182 620 2218 nomen
636 2165 761 2234 ponimus
778 2178 847 2231 aras,

152 2241 199 2295 Nil
216 2242 349 2296 oriturum
365 2241 438 2307 alias,
456 2240 494 2293 nil
512 2244 601 2294 ortum
619 2241 674 2294 tale
691 2241 816 2293 fatentes.

152 2316 210 2372 Sed
224 2320 288 2371 tuus
305 2315 350 2369 hic
366 2315 487 2384 populus,
507 2315 614 2384 sapiens
632 2318 661 2368 et
674 2315 767 2382 justus
783 2314 812 2366 in
829 2327 890 2380 uno,

152 2393 190 2446 Te
206 2392 308 2446 nostris
325 2390 446 2458 ducibus,
464 2394 494 2444 te
512 2389 600 2443 Graiis
617 2387 799 2452 anteferendo,

152 2468 251 2522 Cetera
266 2482 437 2536 nequaquam
456 2465 536 2518 simili
553 2465 658 2518 rationo
675 2461 809 2530 modoque
968 2481 995 2520 ω

152 2542 296 2609 Aestimat,
315 2544 344 2594 et
361 2541 412 2594 nisi
430 2555 499 2608 quae
516 2539 597 2592 terris
615 2542 718 2590 sernota
736 2537 845 2604 suisque

152 2617 327 2685 Temporibus
345 2615 473 2668 defuncta
489 2613 572 2680 videt,
588 2611 696 2666 fastidit
713 2615 742 2666 et
759 2611 834 2674 odit;

151 2691 196 2744 Sic
212 2693 302 2744 fautor
318 2693 441 2743 ueterum
457 2692 489 2740 ut
506 2687 613 2740 tabulas
631 2703 743 2755 peccaro
760 2687 887 2740 vetantes

151 2765 224 2828 Quas
241 2764 283 2818 bis
300 2763 419 2831 quinque
436 2761 487 2814 viri
505 2765 659 2828 sanxerunt,
676 2759 788 2814 foedera
805 2773 903 2826 regum

150 2837 203 2892 Vel
221 2838 314 2891 Gabiis
332 2835 375 2890 vel
392 2852 454 2889 cum
470 2835 566 2902 rigidis
583 2839 699 2902 aequata
717 2833 833 2902 Sabinis,

151 2911 311 2964 Pontificum
328 2911 419 2978 libros,
436 2926 537 2962 annosa
553 2909 688 2961 volumina
704 2912 806 2975 votum,
838 2941 842 2952 ·

150 2983 266 3036 Dictitot
284 2983 390 3036 Albano
407 2981 500 3036 Musas
517 2983 546 3034 in
562 2987 655 3034 monte
672 2983 784 3035 locutas,

150 3055 179 3110 Si
196 3057 260 3122 quia
277 3057 440 3110 Graecorum
458 3061 521 3110 sunt
537 3056 725 3124 antiquissima
743 3073 869 3125 quaeque

149 3129 257 3196 Scripta
273 3129 316 3184 vel
333 3131 436 3196 optima
453 3129 568 3183 Romani
584 3135 732 3198 pensantur
749 3132 847 3184 cadem

149 3202 301 3269 Scriptores
317 3203 427 3268 trutina,
445 3219 500 3256 non
517 3207 560 3258 est
576 3203 651 3272 quod
667 3203 756 3258 multa
773 3203 931 3273 loquamur:
975 3223 1004 3262 so
