2288 3444
377 151 650 201 cananaeum
670 151 707 210 re,
725 152 764 200 20.
959 150 991 196 se

284 230 363 286 Inter
379 231 496 286 audaces
512 231 592 300 lupus
609 232 683 284 enat
700 245 800 297 agn0s3

281 307 392 375 Spargit
409 311 529 374 agrestes
546 306 597 359 tibi
616 305 683 358 silva
700 304 827 370 frondes;

283 382 392 436 Gaudet
408 383 521 436 invisam
538 381 674 451 pepulisse
692 379 778 434 fossor
967 391 990 430 rs

317 458 369 511 'lar
385 457 457 527 pede
473 461 583 511 terrane

528 599 606 654 XIX.

282 681 423 746 accusa
440 681 525 736 distet
542 682 577 734 ab
596 680 696 736 Inacho

315 756 420 811 Codrus
436 774 486 826 pro
503 756 591 824 patria
607 773 661 809 non
677 753 790 809 timidus
807 751 875 808 mori

281 831 391 898 Narras,
411 836 439 886 et
455 848 542 899 genus
561 831 645 884 Aeaci

315 907 352 959 Et
368 911 488 975 pugnata
505 921 580 958 sacro
597 905 668 958 bella
685 903 736 957 sub
754 903 819 958 Ilio:

280 981 341 1045 Quo
359 980 456 1034 Chium
472 980 561 1049 pretio
578 979 675 1032 cadum
973 990 987 1031 c

314 1056 474 1120 Mercemur‚
493 1055 553 1123 quis
570 1071 669 1122 aquam
685 1055 819 1120 temperet
835 1049 951 1120 ignibus,

281 1130 340 1194 Quo
356 1129 506 1199 praebente
524 1129 633 1182 domum
651 1133 680 1182 et
698 1131 781 1196 quota

314 1205 433 1272 Pelignis
450 1221 556 1260 caream
572 1191 725 1270 frigoribus,
743 1205 824 1256 taces,

278 1279 322 1333 Da
338 1280 418 1334 lunae
428 1295 549 1348 ,propere
565 1295 657 1343 novae,

312 1355 356 1408 Da
372 1354 458 1407 noctis
475 1352 588 1420 mediae,
606 1353 649 1419 da,
666 1369 741 1419 puer,
759 1349 869 1418 auguris
962 1364 984 1404 rc

277 1425 421 1484 Murenae:
438 1427 527 1482 tribus
544 1430 592 1480 aut
609 1444 705 1480 novem

312 1504 461 1556 Miscentur
478 1503 580 1569 cyathis
596 1501 692 1570 pocula
708 1500 862 1562 conrnredis.

278 1577 331 1642 Qui
348 1578 532 1630 Musasamat
548 1576 664 1644 impares

311 1653 412 1704 Ternas
428 1655 472 1704 ter
489 1649 598 1716 cyathos
615 1648 746 1702 attonitus
763 1650 839 1716 petet

276 1725 385 1791 Vates3·
395 1729 451 1780 tres
467 1724 594 1793 prohibet
611 1739 692 1790 supra
960 1737 983 1778 rs

311 1801 442 1854 Rixarnm
459 1801 581 1852 metuens
598 1799 710 1866 tangere
728 1797 823 1852 Gratia

276 1874 366 1930 Nudis
377 1874 475 1942 juncta
491 1873 633 1926 sororibus.

311 1949 434 2005 Insanire
446 1948 539 2017 juvat:
557 1966 604 2002 cur
622 1947 798 2017 Berecyntiae

276 2027 389 2082 Cessent
406 2024 514 2077 flamina
529 2023 631 2077 tibiael

310 2101 366 2155 Gur
382 2099 485 2170 pendet
501 2099 585 2152 tacita
601 2097 692 2151 fistula
708 2114 770 2152 cum
787 2097 861 2165 lyral
956 2113 981 2153 aa

275 2176 421 2230 Parcentes
438 2191 489 2243 ego
506 2173 633 2227 dexteras

309 2251 376 2305 Odi:
393 2267 490 2319 sparge
506 2265 599 2313 resas;
616 2247 711 2301 audiat
727 2246 835 2301 invidus
883 2281 886 2290 ι

275 2326 437 2380 Dementem
455 2324 598 2392 strepitum
616 2323 703 2389 Lycus

309 2402 346 2454 Et
362 2400 449 2453 vicina
466 2399 528 2450 seni·
540 2414 594 2450 non
609 2395 708 2472 habilis
726 2396 805 2464 Lyco.

275 2477 369 2545 Spissa
385 2478 414 2527 te
431 2471 649 2537 nitidum'coma,
732 2467 735 2476 ¹
956 2487 980 2526 aa

309 2549 382 2602 Puro
399 2551 428 2600 te
445 2545 567 2611 similem,
586 2543 712 2614 Telephe,
730 2544 853 2614 Vespero

274 2623 444 2691 Tempestiva
460 2621 531 2690 petit
549 2619 659 2673 Rhode:

308 2699 356 2752 Me
372 2697 463 2750 lentus
481 2695 610 2764 Glycerae
627 2697 716 2748 torret
733 2710 808 2748 amor
824 2711 909 2749 arcas.

273 2920 301 2976 N
302 2935 338 2974 on
354 2917 431 2972 vides
447 2921 549 2984 quanto
566 2931 673 2967 moveas
690 2913 798 2980 pericle,
823 2965 825 2972 Α

274 2995 386 3065 Pyrrhe,
405 2990 536 3046 Gaetulae
552 2989 655 3041 catulos
672 2988 799 3043 leaenael

273 3069 351 3124 Dura
365 3071 428 3136 post
444 3064 535 3135 paullo
551 3063 639 3130 fugies
656 3062 776 3115 inaudax

307 3143 415 3199 Proelia
430 3143 533 3210 raptor,
