2276 3448
404 182 618 232 SATIRARUM
635 181 672 229 Π.
691 181 714 232 5.
946 184 991 236 lto

97 301 101 310 .
147 255 429 330 Captatorque'dcbit
445 261 515 314 risus
533 261 632 315 Nasica
651 259 778 314 Corano?

147 335 244 388 “Num
259 335 346 390 furiet
363 350 398 388 en
414 335 535 403 prudens
552 337 624 390 ludis
641 335 686 392 nie
703 336 818 392 obscura
834 340 990 395 canendol’'

146 409 194 462 ’Ὀ
212 409 366 477 Laertiade,
384 409 517 480 quidquid
535 411 623 466 dicam
639 415 688 466 aut
706 413 759 466 crit
775 417 824 467 aut
840 430 910 470 nen:

146 483 275 538 Divinare
292 485 393 538 etenim
410 498 525 553 magnus
542 487 609 539 mihi
627 487 712 542 donat
731 488 852 555 Apelle.”
966 505 990 545 ao

146 559 243 623 “Quid
259 562 352 612 tamen
362 560 423 614 ista
439 560 506 614 velit
523 561 575 614 sibi
591 561 691 629 fabula,
710 562 733 615 si
751 562 822 628 lieet
839 562 913 616 ede.”

146 633 300 702 “Tempore
318 650 372 702 quo
385 634 495 700 juvenis
514 634 622 688 Parthis
638 636 798 705 horrendus,
816 637 852 692 ab
869 637 926 692 alto

146 708 301 762 Demissum
318 725 404 776 genus
423 709 526 774 Aenea,
544 710 644 764 tellure
660 711 785 779 marique

145 783 262 851 Magnus
280 785 340 850 crit,
357 784 422 838 lorti
440 784 524 838 nubet
541 801 654 852 procera
671 786 777 839 Corano

146 857 216 912 Filia
234 857 349 913 Nasicae
366 859 514 912 metuentis
531 859 647 913 reddere
665 860 778 915 eoldum.
968 879 992 918 os

146 932 214 986 Turn
231 950 316 1001 gener
333 934 384 987 hoc
400 934 498 988 saciet:
514 933 622 987 tabellas
639 949 731 988 socero
748 935 827 990 dabit
843 940 927 1004 atque

145 1007 187 1060 Ut
206 1007 280 1076 legat
298 1007 402 1073 erabit;
419 1008 536 1062 multum
553 1008 653 1062 Nasica
669 1014 781 1077 negatas
818 1009 821 1014 ’

146 1083 272 1151 Accipiet
288 1083 400 1138 tandem
418 1087 448 1137 et
463 1083 563 1138 tacitus
580 1083 661 1152 leget,
679 1084 853 1154 invenietque

145 1157 170 1208 Ν
173 1157 193 1210 il
210 1157 268 1218 sibi
280 1157 402 1225 legatum
418 1161 528 1226 praeter
544 1158 652 1224 plorare
669 1157 784 1225 suisque.

138 1232 220 1286 ¹Illud
237 1233 273 1286 ad
289 1231 357 1287 hacc
369 1232 467 1300 jubeo:
486 1232 584 1294 mulier
601 1233 624 1285 si
641 1233 713 1286 forts
731 1233 823 1287 dolosa
968 1251 990 1290 ro

145 1303 309 1362 Libertusve
325 1324 417 1362 senem
435 1307 551 1360 delirum
572 1311 714 1376 temperet,
732 1307 786 1361 illis

145 1381 270 1442 Accedes
287 1381 388 1446 socius3
405 1381 508 1449 laudes,
525 1381 643 1436 lauderis
660 1385 693 1436 ut
710 1382 814 1437 absens.

145 1456 269 1525 Adjuvat
285 1455 337 1510 hee
353 1453 468 1525 quoque,
486 1456 536 1510 sed
552 1457 636 1510 vincit
652 1456 732 1525 longe
748 1458 825 1527 prius
842 1459 930 1527 ipsum

144 1532 309 1599 Expugnare
325 1535 413 1600 caput.
449 1531 556 1586 Scribet
572 1533 643 1585 mala
659 1531 779 1586 carmine
795 1549 903 1587 vecors:

144 1605 275 1660 Laudato.
311 1605 449 1660 §coaeter
467 1607 533 1661 crit:
550 1623 615 1660 care
631 1611 661 1660 te
678 1611 771 1674 roget3
788 1608 861 1661 ultro
967 1623 991 1664 to

144 1681 310 1750 Penelopam
326 1681 413 1734 ¹facilis
430 1681 529 1750 potiori
547 1681 648 1736 trade.”
679 1681 841 1737 “Putasnel

134 1756 262 1810 ÷Perduei
275 1756 381 1825 poterit
399 1759 456 1809 tarn
472 1757 544 1823 frugi
562 1760 674 1825 tamque
690 1757 798 1826 pudiea,
886 1773 888 1778 ·

144 1831 232 1895 Quam
249 1832 379 1900 nequiere
396 1831 572 1900 procirecto'
581 1831 720 1900 depellere
737 1833 851 1887 cursui'

143 1906 252 1960 “Venit
270 1907 342 1960 euim
359 1922 487 1974 nragnum
505 1907 623 1960 donandi
640 1922 721 1976 parca
733 1907 873 1977 juventus,

142 1981 170 2033 N
172 1997 204 2036 eo
220 1976 329 2036 tantum
347 1982 460 2048 veneris,
478 1984 609 2049 quantum
626 1982 747 2036 studiosa
764 1983 875 2038 culinae.
966 2002 990 2040 eo

143 2055 188 2110 Sic
205 2055 257 2110 tibi
275 2055 410 2124 Penelope
427 2057 499 2123 frugi
517 2060 568 2124 est
586 2074 656 2126 quae
674 2058 697 2110 si
714 2059 798 2112 semel
815 2075 869 2112 uno

142 2130 186 2184 De
204 2147 270 2186 seno
286 2131 404 2199 annua
421 2134 513 2184 tecum
530 2133 632 2200 partita
648 2133 782 2201 lucellum,

142 2206 183 2260 Ut
201 2207 276 2260 canis
293 2223 310 2260 a
326 2206 399 2260 eorie
415 2223 554 2275 nunquam
571 2207 770 2261 absterrebitur
785 2211 875 2263 uncto.

142 2281 190 2335 Me
203 2298 268 2335 sene
280 2281 354 2350 quod
365 2281 454 2335 dicam
465 2282 568 2336 iactum
580 2285 637 2335 est:
654 2299 722 2335 anus
733 2283 856 2352 improba
867 2283 966 2338 Thebis

142 2357 185 2410 llx
202 2360 367 2411 testamento
385 2357 423 2410 sie
440 2360 484 2411 est
500 2357 585 2410 elata:
603 2358 720 2424 cadaver
965 2373 989 2413 os

141 2432 263 2486 Unctum
280 2431 339 2486 oleo
356 2431 433 2500 largo
449 2431 531 2485 nudis
548 2431 668 2484 humeris
684 2431 750 2485 tulit
764 2431 851 2500 heres,

141 2506 251 2561 Scilicet
268 2506 339 2562 elabi
357 2507 380 2560 si
397 2510 492 2576 posset
507 2509 630 2570 mortua
648 2506 730 2560 credo

141 2581 222 2646 Quod
238 2581 351 2635 nimium
368 2581 509 2636 institerat
525 2581 635 2636 riveen
671 2582 774 2636 Cautus
791 2583 879 2638 edito:

140 2656 205 2710 Neu
222 2655 295 2710 desis
313 2672 412 2726 operae
427 2673 497 2710 neve
513 2657 707 2710 immoderatus
722 2657 851 2712 abundes

140 2731 286 2786 Difficilem
304 2736 334 2785 et
351 2747 487 2786 merosum
504 2732 625 2786 offendet
641 2731 765 2800 garrulus
781 2734 870 2798 ultre;
964 2749 988 2790 eo

139 2807 166 2860 N
168 2823 203 2860 on
222 2807 305 2860 etiam
323 2807 410 2861 sileas.
445 2806 537 2860 Davus
555 2807 593 2860 sis
610 2808 727 2861 eenricus
744 2812 828 2876 atque

139 2881 203 2936 Stes
221 2882 312 2950 capite
328 2881 445 2952 obstipe,
462 2881 578 2935 multum
596 2882 692 2934 similis
711 2883 866 2936 metuenti·

139 2956 279 3027 Obsequio
296 2973 436 3025 grassare;
453 2971 540 3022 mone,
559 2955 582 3009 si
598 2956 734 3010 increbuit
750 2973 824 3024 aura

139 3033 243 3087 Cautus
260 3033 302 3087 uti
319 3033 392 3086 velet
410 3048 502 3084 carum
518 3035 615 3099 caput;
633 3031 747 3085 extrahe
764 3031 847 3086 turba

139 3108 280 3176 Oppositis
297 3107 433 3170 humeris;
451 3121 544 3158 aurern
561 3105 716 3172 substringe
733 3105 846 3174 loquaci.
963 3121 987 3162 eo

138 3179 317 3250 Importunas
334 3184 409 3236 ararat
425 3179 545 3244 laudari3
562 3179 648 3232 denec
665 3179 725 3234 Ohe
737 3179 815 3248 jain!
