2288 3444
422 159 577 212 HORATII
594 161 726 213 FLACOI
784 175 787 180 ¹

286 241 384 310 Molle,
402 259 457 312 que
473 239 563 297 crines
579 242 696 311 religate
712 242 819 312 fulges3
894 249 900 256 ”
988 260 1004 306 ⁶

288 319 374 373 Ridet
390 322 504 386 algente
522 317 637 384 domns;
654 334 703 372 ere
719 319 803 372 mstis

288 393 389 448 Vincta
406 393 533 447 verbenis
551 397 614 448 avet
631 393 770 447 immolato

322 469 450 538 Spongier
466 485 553 536 ogno;

288 545 393 598 Cuncta
408 544 522 598 festinat
539 559 643 610 manus,
659 543 713 598 hue
731 547 761 598 el
777 544 840 600 illue

288 619 428 673 Cursilent
444 619 547 672 mixtae
563 619 656 687 pneris
673 619 796 687 puellee;
975 635 1000 678 lo

288 693 434 749 Sordidum
450 693 576 748 flemmne
592 693 733 762 lrepident
749 698 871 750 retentes

322 769 433 824 Verlioe
449 769 561 823 fumum.

286 845 328 900 Uo
343 848 435 900 temen
451 844 526 898 non'e
542 843 642 913 quibus
657 845 797 900 edsoeeris

287 919 408 988 Geudiis,
426 919 494 974 Idus
511 918 563 974 libi
581 922 646 974 sunt
661 921 792 988 agendae,

287 995 340 1060 Qui
357 995 417 1050 dies
433 1011 554 1050 mensem
572 994 689 1050 Veneris
705 997 826 1052 marinae
973 1011 997 1052 ιε

320 1070 416 1125 Findil
434 1071 558 1140 Aprilem
563 1090 570 1135 ;

285 1145 356 1200 June
374 1145 510 1200 sollemnis
527 1145 594 1198 mihi
612 1146 783 1215 sanctiorque
897 1185 900 1194 .

286 1221 378 1275 Peene
394 1221 479 1274 natali
496 1221 613 1289 proprio,
632 1221 706 1288 qnod
723 1238 758 1275 ex
775 1223 827 1276 hae

282 1295 360 1352 Luoe
378 1296 522 1350 Maecenas
538 1311 614 1350 mens
631 1296 783 1352 adfluentes

320 1370 436 1424 Ordinel
452 1385 543 1425 annos
604 1411 606 1418 ,
630 1413 636 1424 ,
699 1417 702 1423 .

285 1446 442 1515 Telephum,
459 1462 541 1514 quem
559 1449 591 1499 tu
608 1447 688 1515 pelis,
707 1449 847 1515 oe'eupen'l

285 1522 348 1576 Non
365 1525 429 1576 tuae
447 1521 528 1576 sontis
541 1521 672 1589 juvenem
688 1522 792 1590 puelle
830 1577 833 1582 ,

284 1597 368 1652 Dives
386 1601 416 1652 et
431 1597 536 1664 lascive,
554 1600 685 1666 tenetque
701 1601 781 1665 grata

319 1666 457 1734 Compede
474 1665 604 1719 vinetum]

284 1742 380 1796 Terret
397 1741 537 1796 ambustus
556 1740 697 1794 Phaethon
708 1757 803 1796 overas

174 1837 179 1868 ε
284 1817 359 1885 Spes,
377 1821 407 1870 et
423 1815 576 1882 exemplum
593 1831 676 1882 grave
693 1816 808 1883 praebet
825 1817 882 1871 oles

283 1890 402 1958 Pegasus
419 1894 559 1944 terrenum
577 1889 699 1956 equitem
713 1896 842 1958 gravatus

317 1965 562 2033 Bellerophontem,

283 2041 396 2108 Semper
413 2043 444 2093 ut
461 2043 490 2094 te
508 2039 590 2107 digna
608 2055 722 2109 sequere
739 2044 769 2095 el
785 2042 859 2097 ultre

283 2116 370 2178 Quem
387 2115 451 2168 lieet
468 2115 670 2182 sperare'nefas
687 2117 809 2184 putando

282 2189 426 2257 Disperem
442 2189 520 2243 viles.
555 2191 616 2258 Age
629 2189 696 2258 jem,
714 2208 835 2246 meorum

317 2264 393 2318 Finis
409 2281 566 2319 amorum·-

281 2339 344 2395 Non
361 2341 433 2394 enim
449 2341 563 2410 posthae
580 2340 633 2394 alie
649 2339 742 2396 eelebo

281 2415 552 2470 Femina—condisce
570 2415 665 2470 modos
681 2417 798 2470 emendo

281 2491 356 2545 Voce
374 2509 442 2560 qnos
459 2491 577 2556 reddns;
593 2490 751 2546 minuentur
766 2495 843 2546 elnae

313 2565 440 2621 Gennine
456 2583 543 2644 eun-ee.

530 2714 598 2769 XII.

279 2797 341 2850 Jnn
358 2795 430 2849 veris
447 2795 559 2850 eomiles
577 2812 647 2864 quae
663 2813 739 2852 more
755 2803 909 2866 temperant

280 2871 429 2939 Impelluno
445 2871 557 2924 enimse·
567 2869 652 2925 lintea
669 2873 816 2936 Thraciam

278 2945 343 2998 Jom
360 2959 411 2999 nee
427 2943 510 3014 plata·
524 2945 615 3013 rigent
631 2962 681 3000 nee
698 2947 772 3000 fluvii
790 2950 917 3014 strepunt

313 3019 443 3074 Hiberna.
453 3020 644 3088 niveturgidi.

278 3091 305 3145 N
307 3093 382 3146 idum
398 3095 481 3161 penit,
499 3094 563 3161 Ityn
580 3094 706 3148 flebiliter
722 3109 840 3161 gemens,

279 3163 380 3222 Infelix
396 3168 454 3222 svis
471 3171 500 3222 et
518 3169 664 3236 Cecropiae
681 3167 778 3221 domus
