2288 3444
395 164 597 215 cARMINUM
613 165 665 216 111.
683 167 723 215 25.
949 168 980 214 63

268 247 322 304 Vel
337 262 387 300 nos
406 245 435 298 in
451 261 527 300 mare
544 245 698 314 proximum

302 323 432 376 Gemmas
449 324 479 374 et
495 320 602 390 lapides
619 335 716 374 amum
733 321 763 374 et
779 319 883 390 iuutsse,

267 396 371 453 Summi
390 396 533 449 materiem
550 395 623 462 mali,

302 471 447 524 Mittamus
465 470 599 524 scelerum
617 469 641 522 si
657 469 728 523 bena
745 470 875 538 poenitet.
956 490 980 529 co

267 545 414 600 Eradenda
431 545 568 613 cupidinis

302 621 383 674 Pravi
400 622 466 676 suut
483 619 626 686 elementa,
645 622 674 672 et
691 622 803 674 tenerae
820 621 902 674 nimis

266 695 376 749 Mentos
394 693 579 763 asperioribus
648 707 652 714 ·

302 770 472 824 Formandae
490 768 597 822 studiis.
633 769 659 822 N
661 769 816 838 escitneqao
832 770 909 823 rudis

265 842 391 898 Haerere
408 845 542 912 ingenuus
559 858 629 912 puer
956 859 980 900 tr

300 919 458 988 Venerique
475 918 565 984 timet,
583 917 679 972 ludere
696 917 809 986 doctior,

264 991 322 1047 Seu
339 993 445 1047 Graeco
457 991 558 1061 jubeas
575 991 671 1046 trocho

300 1067 356 1122 Seu
372 1068 451 1122 malis
468 1067 554 1122 vetita
570 1067 678 1134 legibus
695 1067 761 1136 alea,

266 1141 337 1198 Cum
354 1143 467 1212 perjura
483 1141 572 1212 patris
590 1142 660 1196 fides

301 1218 462 1274 Consortem
480 1217 584 1272 socium
601 1217 679 1272 fallat
695 1219 726 1272 et
742 1217 877 1288 hospitem
955 1236 978 1276 oo

265 1291 439 1361 indignoque
456 1292 600 1361 pecuniam
679 1303 683 1310 '

300 1367 406 1421 Heredi
423 1372 559 1436 properet
569 1374 585 1406 '³
594 1367 703 1423 Scilicet
720 1369 860 1438 improbae

265 1441 400 1497 Crescunt
416 1443 548 1508 divitiac;
567 1447 660 1498 tamen

298 1517 400 1572 curtae
417 1519 507 1570 nescio
523 1519 592 1586 quid
609 1535 718 1586 semper
735 1517 814 1573 abest
831 1525 879 1574 rei.

507 1656 595 1710 XXV.

155 1763 159 1782 ι
263 1737 326 1802 Quo
343 1754 395 1804 me,
416 1737 531 1804 Bacche,
549 1739 622 1806 rapis
639 1740 680 1792 tui

300 1813 432 1868 Plenum?
443 1829 515 1882 quac
522 1830 634 1867 nemora
640 1818 688 1868 aut
695 1829 763 1882 quos
770 1815 869 1883 agorin
879 1832 975 1885 specus

263 1885 352 1942 Velox
370 1891 463 1942 mente
480 1890 567 1942 novat
584 1889 684 1957 quihus

301 1964 398 2036 Antris
416 1963 520 2032 egregii
540 1963 662 2018 Caesaris
679 1964 774 2019 audiar

264 2038 416 2092 Aeternum
433 2039 569 2092 meditans
586 2039 669 2092 decim
964 2058 976 2098 t

298 2113 390 2168 Stellis
407 2114 527 2168 inserere
545 2117 575 2167 et
591 2115 701 2168 consilio
718 2115 738 2169 J
740 2115 818 2172 arisi

262 2187 359 2242 Dicam
377 2189 482 2257 insigne
500 2205 595 2243 recens
611 2189 701 2244 adhuc

297 2264 435 2318 Indictum
452 2281 500 2318 ore
516 2264 576 2319 alio.
611 2264 637 2318 N
639 2281 674 2318 ou
692 2281 769 2318 secus
785 2266 815 2319 in
827 2267 904 2336 jugis

262 2338 407 2393 Exsonmis
426 2343 519 2406 stupet
537 2339 620 2392 Euius

298 2413 424 2467 Hebrum
441 2413 608 2481 prospiciens
626 2416 655 2466 ct
672 2413 735 2467 nive
752 2414 900 2468 candidam
955 2440 975 2472 ιιι

259 2486 385 2542 Thracen
401 2504 433 2540 ac
450 2487 522 2554 pede
538 2486 655 2540 barbaro

296 2563 453 2616 Lustratum
471 2561 630 2630 Rhodopen,
646 2566 680 2616 ut
696 2563 763 2617 mihi
781 2563 861 2617 derio

262 2635 348 2704 Ripae
366 2640 396 2690 et
413 2633 528 2690 vacuum
545 2653 643 2692 nemus

296 2711 393 2766 Mirari
409 2712 485 2767 libet.
520 2712 544 2765 0
563 2711 702 2768 Naiadum
719 2716 817 2782 potens

261 2785 487 2856 Baccharumque
504 2788 652 2844 valentium
951 2807 974 2848 rs

296 2862 425 2916 Proceras
442 2863 567 2916 manibus
584 2867 693 2918 vertere
709 2865 836 2932 franima,

260 2935 307 2990 Nil
325 2954 440 3005 parvum
457 2941 506 2992 aut
522 2937 618 2990 humili
635 2939 724 3005 modo,

295 3012 342 3065 Nil
359 3013 473 3068 mortale
490 3012 592 3081 loquar.
627 3012 714 3066 Dulce
731 3014 882 3081 pericuum
899 3019 948 3081 est

259 3085 285 3140 0
305 3087 419 3156 Lenaeo,
438 3087 517 3157 sequi
535 3087 617 3140 deum
941 3089 943 3092 ’

295 3161 458 3231 cingentem
475 3161 558 3218 viridi
575 3165 700 3232 tempora
711 3163 850 3232 pampino.
948 3177 972 3216 ao
