2276 3448
311 189 314 196 ’
386 196 638 258 EPISTOLARUM
655 201 676 249 Ι.
697 199 719 252 7.
927 203 976 256 le?

127 281 165 337 lit
181 296 267 350 genus
285 281 314 333 ot
331 278 445 332 formam
462 277 557 345 regina
575 278 692 332 Pecunia
710 279 801 348 donat,

127 361 170 411 Ao
188 357 258 409 bene
275 357 443 408 nummatum
461 353 572 406 decorat
591 353 709 407 Suadela
730 356 883 423 Venusque.

126 431 269 498 lilaneipiis
287 428 405 495 locuples
423 431 487 494 eget
504 429 575 481 acris
594 429 783 496 Cappadocum
800 446 862 483 rex:

125 505 153 558 N
155 523 171 560 e
187 505 273 557 fueris
290 503 335 556 hic
352 507 390 556 tu
426 502 587 572 Ohlamydes
606 502 741 572 Lucullus,
758 507 792 558 ut
807 503 891 572 aiunt,
950 518 973 558 ι)

48 578 51 584 ’
125 581 156 634 Si
172 581 266 648 posset
283 580 393 631 eentum
411 593 506 632 scenae
521 577 656 646 praebere
672 582 791 646 rogatus,
827 631 830 635 .

125 654 202 720 “Qui
220 669 331 722 possum
347 652 423 708 tocr’
442 653 495 718 ait3
516 653 632 708 “tamen
650 657 681 709 et
700 669 828 723 quaeram
852 657 882 708 et
905 657 972 724 quot

193 728 317 783 habebo·
626 747 658 766 ·1

124 804 237 859 Mittam
245 803 265 858 :'’
283 806 346 873 post
362 803 443 872 paulo
462 803 557 857 scribit
574 804 626 858 sibi
643 804 729 860 millia
746 806 865 875 quinque

125 880 193 933 Esse
210 879 285 932 domi
301 877 487 946 chlamydu1n;
503 883 611 946 partem
628 880 672 934 vel
690 881 799 934 tolleret
816 897 914 936 omnes.
970 929 972 933 .

124 954 210 1008 Exilis
228 953 324 1007 domus
343 957 386 1006 cst
403 951 451 1006 ubi
468 969 521 1006 non
539 958 569 1008 et
586 953 672 1008 'multa
689 961 835 1024 supersunt
886 993 891 1002 ·
952 975 974 1015 ct

124 1030 161 1084 Et
179 1030 319 1083 dominum
336 1029 434 1082 fallunt
451 1032 481 1082 et
498 1031 613 1096 prosunt
629 1029 743 1082 iuribus.
778 1029 857 1098 Ergo,

124 1105 154 1158 Si
172 1121 217 1159 res
235 1105 291 1158 sola
308 1099 401 1174 potest
418 1104 508 1157 iacere
527 1107 556 1157 et
573 1120 682 1158 servare
699 1103 817 1172 beatum,

124 1181 187 1234 Hoc
204 1181 309 1248 primus
326 1183 436 1248 repetas
454 1195 529 1247 opus,
547 1176 598 1232 hee
615 1183 768 1248 postremus
786 1179 902 1236 omittes.

52 1287 57 1294 ·
124 1257 154 1308 Si
172 1257 340 1310 fortunatum
358 1255 462 1323 species
480 1257 509 1308 et
526 1255 615 1322 gratia
632 1258 761 1322 praestat,
795 1303 798 1308 .

124 1331 280 1384 llereemur
297 1346 404 1384 servum
423 1329 470 1398 qui
488 1329 575 1384 dictet
591 1330 707 1398 nomina,
725 1330 832 1384 laevum
947 1351 971 1390 ro

124 1405 178 1470 Qui
195 1406 297 1460 fodicet
314 1405 387 1459 latus
405 1409 435 1459 et
452 1407 531 1472 cogat
549 1409 627 1459 trans
644 1406 766 1475 pondera
783 1407 908 1460 dextram

127 1481 277 1549 l’orrigere.
313 1480 388 1533 “Hic
405 1479 520 1533 multum
538 1480 567 1532 in
585 1481 671 1534 Fabia
688 1481 768 1548 valet,
787 1482 833 1534 ille
852 1483 965 1548 Velina3

124 1555 176 1610 (lui
193 1555 262 1610 libet
278 1555 323 1609 hie
339 1555 425 1608 fasces
443 1554 520 1608 dabit
538 1555 692 1624 eripietque
710 1556 803 1610 eumne

124 1631 175 1686 (lui
192 1631 266 1685 velet
283 1631 454 1699 importunus
471 1629 561 1683 ebur.''
597 1630 702 1696 Frater,
721 1631 811 1698 Pater,
829 1632 928 1700 adde;.

123 1706 165 1760 Ut
182 1706 280 1774 cuique
298 1713 341 1759 est
357 1710 433 1759 aetas
451 1705 490 1758 ita
507 1721 644 1776 quemque
656 1707 766 1768 ‚facetus
782 1707 890 1776 adopta.
945 1728 970 1769 κ

124 1781 153 1834 Si
171 1781 242 1835 bene
259 1781 306 1850 qui
324 1784 421 1855 coenat
438 1779 509 1834 bene
527 1780 601 1848 vivit,
620 1781 700 1850 lucet,
718 1799 811 1836 eamris

125 1858 184 1922 ero
203 1857 280 1910 ducit
297 1856 374 1923 gula3
391 1856 535 1924 piscemur‚
547 1873 684 1924 venemur,
702 1862 735 1912 ut
752 1858 816 1913 olim

124 1929 269 2000 Gargilius,
288 1932 335 1999 qni
353 1947 432 1984 niune
449 1932 550 1999 plagas,
568 1932 707 2000 venabula,
727 1950 819 1988 servos

124 2007 271 2061 Differturn
289 2007 405 2072 transire
422 2007 510 2059 forum
527 2008 711 2078 populumque
725 2008 849 2078 jubebat,
870 2066 873 2071 ,

125 2077 203 2138 Unus'
221 2086 253 2137 ut
271 2099 287 2136 e
305 2082 397 2135 nimiis
415 2082 514 2150 populo
536 2087 677 2151 spectante
694 2087 811 2139 referret
915 2141 919 2150 ,
948 2101 974 2160 oq

126 2159 257 2228 Emptum
274 2157 364 2210 mulus
382 2174 485 2226 aprum.
504 2157 606 2212 ·Orudi
623 2161 777 2229 tumidique
795 2161 922 2230 lavemur.

126 2234 199 2306 Quiri
217 2233 320 2297 deceat,
338 2232 405 2302 quid
421 2249 483 2300 non,
501 2233 586 2300 obliti,
606 2234 714 2289 Caerite
731 2253 793 2289 cera

124 2308 215 2377 Digni,
232 2309 375 2377 remigium
393 2309 521 2362 vitiosum
540 2309 691 2364 Ithacensis
709 2311 807 2379 Ulixei,

113 2384 177 2439 ‚Oui
193 2385 284 2454 potior
300 2385 389 2453 patria
405 2383 458 2438 fuit
477 2383 624 2438 interdieta
641 2385 772 2454 voluptas.
789 2421 791 2429 ι

125 2459 419 2526 supranominati
437 2462 537 2525 censet,
556 2457 614 2512 sine
632 2475 723 2514 amore
735 2460 860 2530 jocisque
948 2477 972 2518 ea

125 2535 172 2588 Nil
190 2539 233 2588 est
246 2535 405 2602 jucundum,
423 2533 498 2586 vivas
514 2533 543 2586 in
563 2549 656 2588 amore
669 2534 800 2604 jocisque.

125 2610 202 2676 Vive,
221 2609 287 2664 vale.
323 2609 352 2662 Si
370 2608 672 2677 quidnovistiiectius
689 2610 750 2664 istis

126 2685 266 2740 Candidus
283 2685 395 2752 imperti
404 2703 411 2749 ;
429 2683 451 2736 si
469 2699 524 2739 non
540 2684 584 2738 his
600 2688 679 2740 utere
696 2701 807 2742 mecum.

125 2910 256 2976 Qumoun
275 2909 334 2962 dies
351 2908 403 2962 tibi
420 2907 557 2976 pollicitus
574 2926 619 2963 me
635 2926 700 2964 rure
716 2911 844 2982 futurum,
953 2933 958 2946 ·

124 2985 364 3050 Sextilemtoium
382 2983 501 3036 mendax
519 2983 667 3036 desideror.
703 2986 791 3052 Atqui

123 3061 153 3115 Si
171 3076 217 3114 me
234 3059 326 3113 vivere
344 3059 497 3112 vissanum
515 3061 645 3126 reeteque
662 3059 804 3126 valentem,

123 3138 212 3202 Quam
230 3135 297 3188 mihi
316 3134 366 3187 das
383 3148 465 3200 aegro
483 3131 560 3184 dabis
578 3136 718 3198 aegrotare
736 3134 851 3201 timenti,
913 3197 915 3202 y

122 3211 276 3278 Maecenas,
293 3210 407 3275 veniam,
426 3207 492 3260 dum
510 3207 576 3260 fieus
594 3207 681 3276 prima
698 3207 824 3279 calorque
