2276 3448
430 180 645 230 SATIRARUM
661 180 698 232 II.v
718 183 740 232 3.
954 180 1000 231 137

152 256 342 312 Saturnalibus
358 258 411 313 hnc
429 261 528 327 fugisti.
563 260 675 315 Sobrius
692 276 757 328 ergo
862 265 865 272 ’
986 275 1000 316 t

151 330 204 386 Dic
221 333 325 401 aliquid
342 333 454 401 dignum
471 335 736 404 promissis:.incipe.
772 334 819 387 Nil
836 337 894 390 est:

152 406 304 475 (luipantur
319 409 421 462 frustm
438 409 540 474 calami,
557 411 763 476 immeritusque
780 409 887 464 laborat

151 480 235 535 iratis
252 487 332 537 natus
348 483 438 551 paries
454 483 498 537 dis
514 488 598 553 atque
615 485 712 552 pe'e'tis.
754 527 757 532 .

104 623 111 636 ¹
151 557 241 624 Atqui
259 557 350 612 vultus
368 561 428 613 erat
445 558 531 612 multa
548 563 577 612 et
594 559 732 626 praeclara
749 558 878 612 minantis

150 629 181 684 Si
198 647 312 686 vacuum
325 632 424 702 tepido
440 633 557 701 cepisset
574 634 667 687 villula
683 637 765 686 tecto.
976 647 1000 688 ιο

151 705 287 769 Quorsum
303 708 434 776 pertinuit
452 708 554 776 stipare
572 709 686 762 Platona
703 707 863 772 Menandro,

43 827 49 838 ,
150 777 275 848 Eupohn,
294 782 494 850 Archilochum,
511 783 626 836 comites
643 783 760 836 educere
776 783 888 836 tantos?

150 854 286 909 Invidiam
302 857 412 925 placare
426 873 507 926 parus
523 858 626 912 virtute
643 858 757 911 relicta?
896 879 899 886 Δ

151 929 331 984 Contemnere
348 933 445 997 miser;
462 932 634 987 vitanda'est
650 932 774 1001 improba
791 932 869 986 Siren

149 1002 270 1071 Desidia,
288 1009 337 1060 aut
355 1006 490 1075 quidquid
507 1007 565 1061 vita
581 1007 692 1061 meliore
709 1007 812 1075 parasti
927 1053 930 1060 .
976 1022 999 1062 ns

150 1078 309 1134 Ponendum
327 1097 414 1149 aequo
431 1082 541 1136 animo?
565 1082 624 1136 “ni
640 1085 677 1149 te,
690 1081 862 1149 Danmsippa
874 1081 997 1150 deaeque

150 1154 306 1209 Verumob
325 1156 464 1210 consilium
483 1157 585 1212 donent
602 1161 718 1211 tonsore.
754 1157 902 1210 Secunde
938 1181 940 1188 ·

149 1229 215 1282 'l'am
227 1231 297 1284 bone
309 1247 353 1284 me
364 1232 437 1286 nosti
447 1232 471 1286 i''
493 1233 664 1301 “Postquam
675 1232 996 1287 omnicresmeedanum

149 1305 197 1358 Ad
214 1307 333 1359 medium
350 1307 437 1361 fracta
453 1310 497 1360 est
512 1307 600 1361 aliena
616 1307 726 1375 negotia
742 1323 815 1374 curo,

149 1379 287 1434 Excussus
303 1382 428 1451 propriis.
464 1381 535 1436 Olim
553 1397 616 1435 nam
634 1382 915 1450 quaerereamahnm,
971 1397 997 1438 ro

149 1455 209 1519 Quo
226 1458 302 1510 valor
318 1457 364 1510 ille
380 1457 465 1525 pedes
481 1457 592 1510 lavisset
610 1456 739 1524 Sisyphus
755 1473 826 1524 aere,

148 1530 221 1598 Quid
239 1532 373 1600 sculptum
390 1531 502 1598 infabre,
520 1531 588 1600 quid
604 1531 695 1584 lusum
713 1531 808 1584 durius
824 1536 912 1587 essct·

148 1605 271 1678 Callidus
287 1607 350 1660 huie
367 1608 444 1675 signo
455 1603 695 1676 'ponebummillia
711 1609 835 1672 centum;

147 1679 253 1735 Hortos
272 1681 448 1751 egregiasque
466 1681 561 1735 domos
579 1680 726 1736 mercarier
743 1697 812 1734 unus

147 1755 217 1810 Oum
235 1756 309 1810 luero
325 1773 433 1822 norum3
450 1757 524 1810 unde
541 1756 695 1824 frequentia
713 1755 877 1811 Mercuriale
970 1774 996 1815 n

147 1830 307 1900 Imposuere
325 1831 390 1884 mihi
407 1847 556 1899 cognomen
574 1831 711 1899 eoinpita.'’
748 1831 850 1898 “Novi,
868 1869 869 1873 η

147 1906 185 1959 ut
202 1907 286 1959 miror
302 1905 389 1959 morbi
406 1910 552 1974 purgatum
568 1911 598 1960 te
615 1907 694 1960 illius.
722 1906 817 1974 ¹Atqui

147 1981 257 2035 limavit
272 1984 393 2035 veterem
410 1982 478 2035 mire
495 1997 588 2048 novus,
606 1985 639 2035 ut
656 1982 726 2035 solet
742 1982 771 2034 in
789 1997 836 2034 eor

147 2055 273 2124 Trujeote
289 2056 382 2110 luteris
399 2057 489 2110 miseri
507 2057 636 2124 capitisve
652 2055 752 2122 dolore,

146 2130 189 2185 Ut
205 2131 369 2199 lethargicus
385 2130 430 2184 hic
447 2147 508 2184 cum
525 2133 558 2185 fit
574 2131 649 2200 pugil
666 2131 848 2186 etmedicum
865 2135 951 2200 urget.
968 2149 993 2188 re

147 2205 221 2259 Dum
232 2206 347 2274 nequid
359 2205 445 2259 simile
457 2206 519 2260 huie
531 2211 591 2260 esto
602 2211 634 2260 ut
645 2205 735 2260 libet.”
765 2206 809 2260 “0
827 2207 992 2275 banquets

147 2281 293 2353 Frustrere
304 2302 316 2354 ;¹
326 2281 427 2334 insanis
445 2285 473 2334 et
490 2285 522 2334 tu
539 2281 670 2348 stultique
686 2295 771 2348 prope
788 2297 902 2350 omnes,¹

147 2351 178 2410 si
191 2351 262 2424 'quid
280 2355 426 2409 Stertinius
437 2357 501 2409 vveri
518 2359 618 2423 erepat,
635 2356 709 2408 unde
727 2371 777 2422 ego
793 2356 863 2409 mira
893 2399 897 2407 .

146 2429 283 2498 Descripsi
302 2429 395 2483 docilis
412 2433 558 2498 praccepta
575 2429 648 2494 haee,
666 2425 791 2495 tempore
808 2444 862 2494 quo
879 2446 924 2484 mo

146 2505 255 2558 Solutus
269 2505 353 2572 jussit
371 2505 521 2572 sapientem
538 2517 650 2571 pascere
667 2501 781 2554 barbam
844 2545 846 2550 .
968 2519 993 2559 rt

146 2581 242 2647 Atque
259 2596 276 2632 u
293 2579 417 2632 Fabricio
433 2595 487 2631 non
504 2578 613 2631 tristem
631 2577 841 2644 pontereverti.

135 2653 217 2708 liam
235 2654 353 2708 meiere
369 2657 447 2721 gesta
464 2670 526 2707 cum
542 2653 640 2706 vellem
657 2651 768 2706 mittere
785 2655 880 2718 oporto

144 2725 193 2780 Me
210 2727 300 2795 capite
317 2727 470 2791 indumen,
488 2725 588 2780 dexter
606 2726 685 2780 stetit
702 2726 830 2792 et‚:cave
847 2727 918 2780 faxis

51 2821 58 2837 ⁸
144 2801 183 2855 'l'e
200 2801 349 2870 quidquam
367 2801 524 2872 indignum3
542 2800 637 2870 pudor,
649 2799 787 2868 inquitte
803 2801 889 2854 malus
907 2802 990 2869 angit,

144 2875 323 2944 Insanosqui
339 2877 411 2930 inter
428 2893 539 2930 vereare
555 2877 665 2929 insanus
681 2875 783 2929 haberi
866 2907 869 2916 ·
913 2919 915 2926 ,
966 2891 991 2930 ie

144 2951 267 3005 Primum
277 2967 342 3004 nam
352 2950 487 3018 inquiram
499 2950 567 3018 quid
579 2951 616 3002 sit
625 2950 733 3002 furere:
751 2949 802 3002 hoc'
820 2949 845 3002 si
855 2949 910 3004 erit
920 2949 950 3003 in
960 2952 991 3004 te

142 3026 207 3079 Solo
224 3025 357 3079 nilverbi
374 3040 471 3092 pareas
488 3024 555 3090 quin
572 3023 682 3075 fortiter
699 3022 808 3076 eddam.

143 3100 232 3164 Quem
248 3101 321 3158 mala
338 3097 502 3152 stultitiast
519 3111 706 3164 quemcunque
723 3095 831 3149 inscitia
846 3097 905 3150 veri

142 3175 261 3229 Graccum
279 3174 344 3240 agit,
361 3172 485 3224 insanum
504 3169 647 3236 Chrysippi
664 3168 785 3235 porticus
802 3174 831 3223 et
848 3185 916 3236 grex
