2288 3444
409 157 626 207 samareum
642 158 666 207 1.
684 161 709 208 a.
921 155 984 218 ¹ras

137 235 235 291 Terret
252 237 308 293 fixa
323 237 454 305 vetatque
471 239 548 292 novis
564 240 705 292 considere
723 237 749 290 in
768 233 862 288 hortis.

137 312 202 366 Huc
218 313 294 381 prius
311 313 433 379 augustis
451 313 540 380 ejecta
557 314 689 368 cadavera
704 311 778 365 cellis

137 387 290 440 Oouservus
308 387 355 439 vili
372 388 507 455 portanda
523 388 631 442 locabat
648 389 677 440 in
691 403 761 440 arca.

128 461 199 514 -Hoc
217 463 330 518 miserae
347 461 421 530 plebi
439 463 531 530 stabat
548 480 689 528 commune
707 461 868 530 sepulcrum,
960 474 981 514 io

137 535 286 590 Pantolabo
303 553 412 590 scurrae
429 537 655 606 Nomentanoque
670 538 775 605 nepoti:

136 611 214 664 Mille
231 612 316 680 pedes
333 611 475 679 intrante,
494 609 631 666 trecentos
649 613 743 681 cippus
760 614 788 664 in
806 627 901 678 agrum

137 685 191 739 ilic
209 685 309 740 dabat:
330 686 458 740 Heredes
475 689 678 742 mouumentum
696 705 731 742 ne
747 689 916 755 sequeretur.

136 760 162 812 N
164 777 216 814 rme
233 761 297 814 lieet
316 761 445 828 Esquiliis
462 761 586 816 habitare
604 763 756 816 salubribus
772 767 855 828 atque

136 837 249 902 Aggere
266 836 295 888 in
311 837 402 904 aprico
420 837 538 904 spatiari,
557 853 611 904 quo
629 836 709 888 modo
726 836 822 888 tristes
960 847 982 887 rs

136 910 216 964 Albis
233 911 376 964 insonnem
394 911 554 980 spectabant
571 911 676 964 ossibus
693 927 803 977 ogerum

135 985 205 1038 Cum
222 985 288 1038 mihi
305 1001 359 1038 uon
377 988 483 1039 tantmn
500 986 629 1053 furesque
647 986 776 1053 feraeque
793 987 886 1038 suetae

134 1060 218 1114 Hunc
238 1078 334 1130 vexare
352 1061 441 1114 locum
457 1077 538 1114 curae
556 1064 620 1114 sunt
637 1064 720 1128 atque
737 1060 831 1126 labori,

136 1135 275 1199 Quantum
292 1136 456 1190 carminibus
474 1153 544 1204 quae
561 1139 671 1189 versant
689 1139 772 1202 atqoe
789 1135 900 1188 venenis

135 1209 278 1263 Hunranos
295 1211 405 1264 animos.
441 1211 500 1264 Has
519 1211 592 1263 nullo
608 1210 725 1278 perdere
741 1210 851 1277 pessuin
910 1247 913 1253 -
958 1224 981 1264 a

134 1285 161 1336 N
163 1301 194 1338 ec
211 1285 356 1352 prohibere
375 1285 463 1351 modo,
482 1286 561 1338 simul
579 1301 610 1338 ao
628 1301 695 1352 vaga
712 1285 776 1336 luna
793 1283 934 1339 decorum

135 1359 253 1416 Brotulir
271 1375 308 1426 os,
327 1359 393 1428 quin
410 1377 471 1412 ossa
488 1360 581 1426 legant
599 1359 751 1426 herbasque
768 1364 903 1413 nocentes.

135 1433 202 1486 Vidi
222 1438 329 1500 egomet
348 1435 426 1502 nigra
445 1435 607 1488 succinctam
625 1434 725 1488 radere
744 1434 816 1501 palla
872 1418 886 1448 Γ
974 1429 976 1432 ’

135 1509 276 1561 Canidiam
294 1509 410 1576 pedibus
429 1510 509 1562 nudis
530 1525 665 1577 passoque
685 1509 787 1575 capillo,
875 1515 880 1524 '

90 1600 94 1606 ·
135 1584 204 1636 (luni
224 1584 329 1650 Sagana
346 1585 449 1651 majore
468 1585 633 1636 ululantem:
654 1583 740 1650 pallor
760 1587 890 1650 utresque
958 1595 982 1636 aa

134 1657 251 1712 Fecerat
269 1659 417 1712 horrendas
436 1659 574 1726 adspectu.
609 1658 734 1724 Scalpere
755 1661 856 1710 terram

134 1724 279 1799 Unguibus
299 1737 328 1786 et
346 1734 448 1801 pullam
468 1734 597 1786 divellere
617 1732 753 1784 mordicus
772 1747 868 1798 agnam

134 1807 307 1876 Coeperunt3
326 1825 405 1862 eruor
423 1808 451 1860 in
469 1809 568 1862 fossam
586 1808 712 1861 confusus
731 1818 763 1860 ut
781 1807 845 1860 iude

134 1881 230 1944 Manes
249 1883 386 1949 elicerent,
399 1884 503 1937 aninam
522 1898 651 1950 responsa
670 1883 791 1934 daturam
814 1900 817 1926 τ

134 1955 227 2010 Lanea
248 1961 276 2009 et
297 1957 402 2024 efligies
420 1961 487 2024 erat,
506 1958 594 2010 altera
612 1973 705 2010 cerea:
725 1957 812 2024 major
960 1972 982 2010 ao

134 2025 234 2099 Lance,
250 2049 323 2105 quae
340 2032 434 2100 poenis
454 2036 639 2100 compesceret
657 2031 827 2096 inferiorem

136 2105 222 2166 Cerea
241 2106 399 2174 suppliciter
418 2107 509 2160 stabat
528 2107 671 2160 servilibus
684 2109 722 2159 tut
740 2122 811 2174 quae

134 2181 200 2232 dam
220 2181 342 2248 peritura
360 2181 456 2236 rnodis.
492 2182 616 2234 Hecaten
636 2184 715 2236 vocat
732 2181 826 2246 altera,
849 2196 955 2233 saevam

136 2255 234 2307 Altera
254 2255 433 2322 'l'isiplrouen3
452 2261 594 2324 serpentes
613 2260 696 2324 atque
714 2255 823 2308 videres
955 2305 959 2312 .

134 2329 261 2380 lrrtbrnas
279 2346 371 2382 errare
391 2347 477 2398 canes,
497 2332 654 2398 Lunamque
672 2329 816 2384 rubentem
960 2345 983 2382 es

137 2405 180 2457 Ne
199 2405 269 2458 foret
287 2405 329 2458 his
348 2405 429 2460 testis
447 2409 509 2474 post
529 2422 626 2471 magm
643 2404 730 2456 latere
749 2403 873 2470 sepulcra

136 2477 256 2532 Mentior
275 2483 305 2531 at
322 2479 352 2532 si.
367 2480 433 2547 quid
451 2480 554 2532 merdis
572 2483 653 2546 caput
671 2477 796 2545 inquiner
814 2477 882 2530 albis

136 2554 293 2619 Corsorum,
309 2557 392 2620 atque
410 2554 439 2606 in
458 2571 502 2606 me
521 2553 614 2607 veniat
629 2552 740 2606 mictum
759 2556 841 2620 atque
860 2555 981 2605 cacatum

135 2627 228 2679 Julius
247 2631 282 2700 ,et
296 2627 400 2694 iragn'lis
420 2627 545 2682 Pediatia
562 2628 660 2696 imque
678 2626 811 2680 Vorenus.

135 2701 248 2768 Singula
260 2703 327 2770 quid
338 2705 503 2758 memorem?
525 2719 578 2771 qno
589 2706 670 2772 pacto
681 2702 786 2756 alterna
793 2702 937 2770 loquentes
959 2719 982 2755 m

135 2775 259 2830 Umbrae
278 2785 340 2830 cum
359 2778 466 2844 Sagana
484 2781 642 2831 resonarent
660 2777 742 2830 triste
753 2781 782 2830 et
797 2783 913 2847 acutum,

136 2851 230 2919 thue
248 2851 438 2920 lupizbarbam
456 2853 547 2906 ramae
564 2869 626 2906 cum
645 2852 728 2905 dente
747 2851 873 2904 colubrae

134 2925 305 2981 Abdideriut
322 2927 419 2982 furtim
436 2927 524 2992 terris,
535 2931 573 2980 et
591 2927 707 2992 imagine
726 2943 805 2978 cerea

133 3001 250 3067 Largior
268 3001 369 3072 arserit
386 3001 463 3068 ignis,
483 3004 513 3054 et
532 3004 636 3053 utnon
655 3001 735 3052 testis
754 3001 857 3054 inultus

134 3075 300 3128 Horruerim
319 3091 399 3128 voces
419 3074 562 3126 Furiarum
582 3075 611 3124 et
623 3072 701 3124 tacta
720 3071 848 3126 duarum:
959 3079 984 3126 rs

131 3149 158 3202 N
162 3166 206 3202 am
225 3149 344 3217 displosa
363 3153 440 3204 sonat
458 3155 588 3213 qinmtrnn
606 3145 694 3212 aesica
711 3145 811 3214 pepedi
