2288 3444
160 181 193 230 62

433 179 587 230 HORATII
604 179 734 228 FLACCI

297 257 401 326 Claros,
418 274 472 311 non
490 257 609 310 animum
626 261 710 322 metir,

331 333 357 386 N
359 349 393 386 on
410 333 506 387 mortis
523 331 627 401 laqueis
644 332 775 400 expedies
792 336 883 401 caput

298 407 473 476 Campestres
489 408 587 461 melius
604 406 720 474 Scythae

331 475 966 552 Quommpleususvegasriootrahuisdomos
993 503 1020 545 ro

300 557 414 625 Vivant,
432 561 462 612 et
478 557 560 625 rigidi
578 557 666 610 Cetae
779 575 783 582 ·

334 633 482 686 Immeteta
498 630 624 700 quibus
610 647 712 699 jugera
728 631 830 689 liberas

299 706 405 774 Fruges
422 710 452 760 et
471 707 599 760 Cererem
616 707 716 774 fenrnt,

335 781 361 834 N
363 797 395 835 ec
411 781 518 835 multura
535 781 626 849 placet
642 781 748 850 longior
764 799 861 854 annue,

299 854 519 926 Defunctumque
536 855 675 909 laboribus
817 893 820 902 ·
994 878 1020 918 rs

333 931 452 1000 Aequali
469 935 576 984 recreat
592 935 667 986 sorte
683 932 805 990 vicenus

300 1003 361 1060 Illic
378 1009 467 1060 matre
485 1006 641 1060 serentibus

332 1081 468 1150 Privignis
484 1081 582 1134 mulier
599 1083 763 1152 temperat
754 1099 890 1158 innocens,

299 1157 359 1210 Nec
376 1151 472 1210 dotata
488 1157 561 1224 rapt
577 1157 666 1210 virum

333 1230 441 1300 Conjux
457 1247 509 1285 nee
525 1231 613 1306 nitido
630 1231 693 1286 fidit
709 1233 843 1291 adultero.
991 1257 1020 1295 so

298 1306 357 1361 Dos
373 1310 417 1361 est
433 1322 532 1376 magne
546 1295 704 1375 parentiam

337 1381 434 1436 Virtus
452 1385 481 1435 et
497 1385 624 1436 metuens
640 1382 755 1436 alterius
771 1383 823 1438 viri

300 1456 385 1512 Certo
402 1455 514 1510 foedere
530 1457 657 1522 castitas;

334 1532 372 1585 nt
388 1547 501 1600 peecare
517 1532 595 1586 nefas
612 1535 661 1586 out
677 1533 797 1600 pretium
815 1540 859 1590 est
875 1535 951 1593 mori.

299 1607 324 1662 0
342 1607 466 1676 quisquis
482 1607 556 1660 volet
572 1607 671 1676 impias
990 1631 1017 1670 25

333 1682 438 1738 Caedes
456 1685 485 1736 et
502 1681 607 1735 rabiem
624 1682 722 1737 tollere
740 1683 859 1753 civicam,

300 1757 330 1813 si
349 1759 464 1826 quaeret
482 1757 579 1810 Penne
597 1771 710 1812 onerum

333 1830 472 1886 Subseribi
490 1832 596 1899 statuis,
614 1831 776 1888 indomitam
795 1837 899 1888 audeat

299 1907 450 1961 Refrenare
467 1905 612 1974 licentiam,

333 1980 430 2034 Clarus
446 1981 626 2050 postgenitis3
643 1987 786 2053 quatenus,
804 1984 860 2039 heu
876 1984 968 2044 nefas!
990 2003 1016 2042 so

302 2055 443 2110 Virtutem
461 2055 625 2110 incolumem
643 2058 757 2126 odimus,

332 2130 473 2184 Sublatam
492 2147 527 2185 ex
545 2131 631 2185 oculis
650 2135 806 2201 quaerimus
824 2133 917 2190 invidi.

301 2205 376 2270 Quid
393 2206 489 2261 tristes
508 2207 694 2276 querimoniae

333 2280 433 2334 Sinon
452 2281 585 2350 supplicio
603 2281 683 2351 culpe
701 2283 854 2338 reciditurl

299 2355 372 2421 Quid
389 2356 464 2424 leges
483 2357 542 2410 sina
565 2355 687 2410 moribus
989 2376 1014 2416 es

333 2431 429 2484 Vanae
445 2431 598 2499 proficiunt,
617 2431 640 2485 si
657 2447 748 2501 neque
764 2433 889 2488 fervidis·

303 2505 372 2560 Pars
389 2506 492 2559 inclusa
508 2506 643 2560 caloribus

331 2579 430 2632 Mundi
446 2595 497 2632 nec
514 2580 620 2634 Boreae
637 2581 782 2635 finitimum
798 2582 870 2636 latus

299 2654 475 2720 Durataeque
493 2653 549 2706 solo
566 2653 642 2708 nives
952 2699 959 2716 .

332 2727 514 2780 Mercatorem
532 2727 652 2796 abigunt,
669 2730 781 2784 horrida
797 2731 891 2788 collidi
988 2747 1013 2789 lo

301 2799 425 2852 Vincunt
441 2815 560 2867 aequora
576 2801 692 2870 navitae,

332 2871 464 2939 Magnum
480 2873 623 2940 pauperies
640 2877 814 2943 opprobrium
826 2878 911 2946 jubet

300 2945 415 3008 Quidvis
432 2949 462 2998 et
477 2947 567 2998 facero
583 2949 613 2998 et
629 2950 695 3016 pati,

334 3017 509 3087 Virtutisque
527 3020 598 3072 viam
615 3021 717 3074 deserit
734 3021 857 3080 arduael
874 3077 878 3086 ,

200 3103 206 3129 ι
300 3087 354 3143 Vel
370 3106 420 3142 nos
436 3092 465 3144 in
483 3092 645 3158 Capitolirun
985 3115 1010 3156 a

334 3162 396 3224 Quo
405 3162 513 3215 'clamor
529 3167 608 3216 vocat
624 3168 654 3216 et
670 3165 753 3219 turba
768 3168 927 3243 faventium,
