2268 3448
402 191 555 242 uenum
571 191 702 244 FLAOOI

265 269 429 338 Nuptioium
448 287 546 340 expers
564 275 594 326 et
610 271 700 325 adhue
716 274 847 339 proterve

299 345 391 400 Oiuda
408 347 514 402 molito.

265 419 307 474 'su
323 424 403 488 potes
421 421 507 488 tigres
525 420 695 489 comitesque
713 420 795 475 silvns

265 494 373 549 Ducere
391 499 422 549 et
438 495 510 548 rivos
528 495 630 548 celeres
647 494 747 548 morari
756 514 765 560 ;

265 569 356 623 (lessit
373 569 499 622 immunis
517 569 568 622 tibi
585 567 738 623 blandienti
958 587 982 628 ιε

299 644 409 698 Jnnitor
425 643 504 696 oulse

174 701 176 708 ¹
266 717 409 783 Cerberus,
428 717 552 785 quumvis
568 716 667 770 furiale
684 720 794 772 eentum

266 791 393 846 Muniont
411 807 513 859 angues
530 794 613 859 eaput
630 790 690 859 ejus
707 795 791 862 atque

266 865 385 935 Spiritus
403 869 477 920 tetes·
493 865 637 934 saniesque
654 869 750 920 monet

300 941 356 994 Ouo
374 941 506 1008 tlilingusi.

266 1015 337 1080 Qudn
355 1019 384 1070 et
400 1017 483 1070 Ixion
500 1016 647 1085 Tityosque
664 1015 749 1070 vultu·

266 1091 340 1145 Risit
357 1092 450 1158 invito,
469 1092 548 1145 stetit
565 1107 635 1144 urna
651 1091 772 1159 paullum

159 1212 164 1220 .
265 1165 343 1221 Siece
360 1167 426 1219 dum
443 1170 522 1233 gusto
540 1165 628 1218 Danai
646 1165 750 1234 puellos

300 1241 425 1294 Caninius
443 1240 552 1292 mulces.

266 1315 373 1368 Audiet
392 1313 467 1382 Lyde
485 1315 572 1367 scelus
589 1317 673 1382 utque
690 1317 770 1368 notus

265 1389 410 1457 virginum
427 1406 528 1458 poenus
547 1392 577 1443 et
593 1389 675 1442 inune
691 1389 817 1458 lymphae

91 1435 92 1438 Ἰ
153 1493 155 1497 ,
265 1463 375 1520 Delium
392 1465 476 1518 fundo
494 1464 634 1534 pereuntis
650 1463 712 1531 imo,

300 1538 422 1608 Seresque
439 1541 500 1610 ists

267 1614 343 1678 Quae
359 1619 471 1670 manent
488 1615 581 1684 culpus
598 1615 682 1670 etiam
701 1613 752 1667 sub
770 1613 848 1667 Oreo.

267 1689 475 1758 Impiae,·-nem
493 1691 561 1760 quid
578 1695 694 1757 potuere
711 1688 851 1756 majusl-
955 1729 965 1744 .

267 1765 374 1834 Impius
392 1781 504 1834 sponsos
521 1767 636 1833 potuere
654 1763 724 1816 duro

301 1839 422 1894 Perdere
439 1841 526 1892 fesso!

163 1957 166 1966 ,
265 1915 329 1968 Una
347 1914 382 1967 de
399 1913 493 1966 multis
510 1913 569 1966 seeo
585 1912 702 1980 nuptiali

266 1989 357 2056 Digna
373 1987 514 2056 peq'unsm
531 1987 585 2040 fuit
601 1988 629 2040 in
647 1991 790 2056 ponentem

266 2062 414 2130 splendide
431 2062 548 2115 mendax
566 2063 640 2116 etin
659 2079 739 2116 omne
756 2065 834 2131 virgo
955 2079 978 2118 ss

302 2136 408 2190 Nobilis
425 2153 529 2202 aenum,

267 2211 400 2278 “Surgo‚”
418 2227 488 2280 quoe
507 2211 577 2265 dixit
589 2213 685 2279 juveni
703 2213 808 2279 niarito,

267 2286 384 2354 “Surge
402 2303 437 2340 ue
453 2287 549 2354 longus
567 2287 618 2340 tibi
637 2303 747 2346 somnus
766 2287 839 2341 uude

266 2360 328 2414 Non
346 2363 428 2416 times
445 2361 542 2427 dotus-5
560 2377 682 2434 soeeium
700 2365 729 2416 et
746 2362 874 2416 scelestes

303 2434 376 2488 Folle
394 2451 507 2503 sorores,
791 2479 794 2486 .

267 2509 342 2574 Quae
360 2509 434 2564 velut
451 2513 547 2564 nnetoe
565 2509 663 2564 vitulos
681 2509 792 2565 leaenae

267 2584 392 2650 Singulos
409 2585 480 2638 eheu
496 2585 631 2640 lacerant:
649 2601 701 2653 ego
717 2585 771 2638 illis

266 2657 375 2711 Mollior
390 2674 441 2711 nee
458 2658 601 2711 telesiam
619 2673 709 2728 neque
728 2659 800 2714 intio

302 2731 427 2784 Claustra
444 2731 550 2785 tenebo.

267 2805 314 2856 Me
331 2809 412 2871 poten
429 2805 516 2858 saevis
532 2811 628 2858 oneret
645 2809 749 2860 eatenis

269 2879 348 2940 Quod
366 2879 423 2931 viro
441 2879 558 2931 clemens
576 2881 815 2948 1niseropoperei;

268 2951 315 3004 Me
333 2952 376 3005 vel
394 2955 531 3006 extremos
549 2953 731 3007 Numidarum
750 2955 776 3006 in
795 2969 873 3022 agros

303 3025 395 3079 Classe
412 3027 523 3092 releget

269 3096 284 3150 I
301 3099 386 3164 pedes
403 3115 457 3167 quo
474 3105 504 3152 te
520 3100 631 3166 rapiunt
648 3103 678 3152 et
694 3116 792 3152 ourse-

269 3169 342 3224 Dum
359 3172 432 3225 luvet
448 3187 503 3224 nox
519 3176 549 3225 et
566 3173 667 3232 Venus.
684 3173 694 3224 i
712 3174 831 3228 seeundo
872 3213 875 3217 -
948 3197 970 3238 ω
