2288 3444
400 185 615 238 SATIRARUM
627 189 650 238 I.
663 188 686 240 7.
933 190 979 238 lae

130 265 261 320 Fascibus
279 268 309 320 et
327 265 402 320 sellis
418 267 604 321 nollem'mibi
622 284 737 334 sumere,
756 269 868 323 demens

130 341 243 394 Judieio
259 340 340 408 vulgi,
359 357 439 395 sanus
457 342 572 396 sortasse
588 347 645 410 tuo,
665 342 739 410 quod
781 371 783 376 Α

131 415 241 470 Nollem
258 432 325 468 onus
342 415 416 469 baud
433 431 553 484 unquam
571 417 665 471 solitus
683 421 793 484 portare
811 418 962 473 molestum.

130 489 157 544 N
159 507 203 544 am
220 490 287 543 mihi
304 490 431 544 contiuuo
449 489 537 559 major
554 493 711 560 quaerenda
728 493 800 546 foret
817 509 869 558 res,
943 509 976 548 roo

132 566 228 632 Atque
247 564 383 618 salutandi
399 565 499 632 plures,
517 566 658 620 ducendus
675 571 705 620 et
721 583 792 620 unus
877 621 880 626 ,

131 639 169 694 Et
185 652 277 693 eomes
293 639 365 693 alter
381 641 422 694 uti
439 657 476 694 ne
493 641 565 694 solus
582 657 663 695 rrrsre
679 657 828 710 peregreve

131 712 258 778 Exirem;
281 714 374 782 plures
391 715 498 769 calones
515 719 600 784 atque
618 716 714 770 caballi

131 789 273 856 Pascendi,
292 789 417 844 ducende
433 791 572 857 petorrita
606 791 686 844 Nunc
702 790 769 844 mihi
786 794 862 845 curto

132 864 178 918 Ire
195 865 260 918 lieet
276 864 350 918 mulo
367 865 410 919 vel
428 865 451 918 si
468 865 537 919 libet
553 881 640 934 usque
658 866 813 932 Tarentum,
944 881 977 922 ms

130 938 252 992 Mantiea
269 939 312 1010 eui
329 939 437 992 lumbos
455 955 537 994 onere
554 941 658 994 ulceret
676 944 759 1009 atque
774 957 859 1009 eques
873 957 975 996 armos:

130 1013 251 1078 Objiciet
268 1023 352 1067 nemo·
366 1015 460 1068 sordes
476 1015 543 1068 mihi
560 1031 627 1084 quas
644 1015 703 1083 tibi,
721 1016 790 1081 billi,

130 1087 200 1142 Cum
218 1089 332 1143 Tiburte
349 1089 393 1143 via
410 1093 564 1158 praetorem
582 1091 703 1159 quinque
720 1094 873 1164 sequnntur
951 1107 955 1112 ·

130 1163 169 1217 'l'e
185 1164 264 1234 pueri
281 1165 402 1218 lasanum
420 1168 560 1232 portantes
578 1165 821 1234 oenophorumque.

129 1237 192 1292 Ho'e
209 1255 260 1306 ego
277 1239 443 1292 commodius
460 1255 542 1307 quam
559 1243 598 1308 tu,
615 1239 753 1309 praeclare
771 1244 887 1308 senator,
943 1256 976 1297 ne

129 1312 252 1367 Millibus
269 1316 354 1382 atque
371 1315 431 1368 aliis
448 1316 516 1369 vivo.
551 1316 716 1384 Quocunque
733 1316 817 1369 libido
834 1321 883 1384 est,

129 1387 233 1442 Incede
251 1388 338 1462 solusj
360 1392 505 1457 percontor
522 1391 619 1458 quanti
635 1392 695 1445 olus
712 1407 743 1444 ao
759 1392 817 1456 far;

129 1463 266 1517 Fallaeem
285 1464 394 1518 (lineum
411 1466 649 1534 vespertinumque
667 1483 779 1534 pererro

128 1538 217 1607 Saepe
236 1539 352 1604 Forum3
375 1538 480 1593 adsisto
496 1540 609 1606 divinis3
632 1542 696 1594 inde
714 1542 824 1594 domum
842 1557 886 1594 me

127 1613 177 1666 Ad
194 1613 267 1680 porri
285 1617 314 1666 et
330 1613 425 1667 ciceris
441 1615 530 1668 refero
546 1614 689 1683 laganique
704 1615 838 1678 eatinum;
890 1615 898 1626 ”
942 1631 975 1670 11⁵

128 1687 222 1741 Ooena
239 1688 411 1742 ministratur
426 1689 519 1756 pneris
535 1689 631 1756 tribus,
649 1694 678 1743 et
696 1684 860 1757 lapis'albus

67 1807 69 1810 .
128 1761 230 1816 Pocula
247 1779 309 1816 eum
326 1763 423 1830 cyatho
440 1762 495 1816 duo
512 1763 642 1828 sustinet3
653 1763 759 1836 'adstat
775 1764 885 1817 echinus
918 1791 922 1799 ·

127 1837 205 1904 Vilis,
224 1854 286 1892 eum
303 1841 400 1906 patera
416 1841 518 1905 guttm,
537 1838 823 1907 Campanasupellex.

127 1913 236 1966 Deinde
254 1929 287 1966 eo
305 1912 460 1980 dormitum,
476 1929 530 1966 non
548 1913 678 1967 sollicitus
694 1913 761 1966 mihi
780 1913 853 1982 quod
870 1931 929 1968 eras

127 1988 300 2056 Surgendum
317 1987 355 2041 sit
370 2003 459 2054 mane,
474 1987 615 2042 obeundus
633 1989 747 2058 Marsya,
765 1989 812 2056 qui
830 2005 860 2042 so
942 2005 974 2044 rra
1083 1979 1086 1984 ¹

127 2064 245 2116 Vultum
261 2064 434 2130 ferrenegat
451 2063 598 2116 Noviorum
615 2079 694 2132 posse
712 2064 830 2117 minoris.

127 2139 177 2193 Ad
194 2143 320 2208 quartam
334 2137 428 2206 jaae03
446 2141 508 2205 poet
525 2137 593 2191 bano
609 2155 706 2206 ragom
729 2142 777 2192 aut
794 2155 852 2206 ego,
869 2139 940 2194 lecto

127 2215 188 2268 Aut
206 2213 306 2282 scripto
324 2212 398 2280 quod
415 2229 460 2265 me
476 2212 589 2266 tacitum
603 2212 690 2280 juvet,
708 2229 796 2281 ungor
812 2214 890 2282 olivo,

126 2289 154 2341 N
155 2305 191 2342 on
208 2304 263 2356 quo
279 2287 412 2340 fraudatis
428 2286 584 2340 immundus
601 2285 688 2341 Natta
704 2287 827 2343 lucernis.

128 2366 185 2418 Ast
200 2363 249 2416 ubi
266 2379 310 2416 me
326 2361 429 2416 fessum
446 2361 486 2414 sol
503 2361 591 2415 aerior
606 2361 648 2415 ire
664 2361 784 2415 lavatum
941 2377 975 2418 res

73 2485 79 2500 ,
127 2437 281 2492 Admonuit
297 2437 371 2504 fugio
389 2437 521 2504 Campum
538 2436 681 2504 lusumque
697 2436 838 2503 trigonam.

127 2513 248 2566 Praneus
265 2527 319 2566 non
336 2511 422 2579 avide,
440 2515 572 2579 quantum
588 2510 746 2578 interpellet
763 2511 835 2563 inani

126 2587 235 2641 Venire
252 2587 324 2640 diem
343 2587 449 2651 durare,
468 2585 632 2639 domesticus
648 2585 726 2638 otior.
761 2585 839 2639 Haeo·
855 2588 898 2640 est

126 2662 196 2715 Vita
212 2661 362 2715 solutorum
379 2661 477 2713 misera
494 2659 643 2714 ambitione
659 2660 803 2728 gravique;

127 2737 242 2790 Hieme
259 2735 381 2789 consolor
398 2735 532 2788 victurum
550 2736 658 2788 suavius
675 2751 707 2788 ae
724 2735 747 2788 si
941 2751 973 2792 lta

127 2812 262 2876 Quaestor
279 2826 345 2863 avus
361 2811 440 2878 pater
457 2813 540 2878 atque
557 2826 634 2864 meus
650 2811 819 2878 patruusque
835 2810 940 2866 fuisset.

520 2951 588 3004 VII.

126 2997 295 3086 Pnoscnrmr
312 3031 397 3098 Regis
415 3029 507 3096 Rupili
524 3045 575 3096 pus
592 3031 676 3094 atque
692 3045 827 3083 uenenum

125 3106 254 3175 Hybrida
271 3122 325 3173 quo
341 3108 421 3173 paeto
438 3104 475 3156 sit
493 3103 602 3154 Persius
619 3101 700 3164 ultus,
717 3103 812 3168 opinor

125 3180 261 3296 Omnffm
282 3173 312 3235 e‘t
328 3179 410 3247 lippis
426 3179 520 3230 notum
534 3177 563 3228 et
580 3173 734 3228 tonsoribus
751 3191 818 3230 esse.
