2268 3448
391 175 595 224 CARMINUM
613 175 666 223 111.
685 177 706 226 6.

303 253 335 310 si
352 255 455 322 pugnat
473 253 607 307 extricata
623 253 717 307 densis

338 329 425 383 Cerva
442 328 530 396 plagis
548 328 602 382 erit
619 327 666 382 ille
683 327 763 382 fortis

269 403 324 468 Qui
340 402 453 470 perfidis
471 418 501 456 se
517 403 637 456 credidit
654 399 786 468 hostibus,

270 479 309 533 ut
326 477 416 532 Marte
435 477 541 530 Poenos
558 481 681 544 proteret
696 477 784 530 altero

303 552 357 617 Qui
374 551 432 604 lora
448 551 583 605 restrictis
600 552 710 606 lacertis

338 625 429 682 Sensit
446 627 519 679 iners
536 626 683 694 timuitque
699 629 822 681 mortem

269 699 325 756 Hic
341 700 415 753 unde
433 701 517 754 vitam
535 704 656 754 sumeret
672 699 773 754 inscius

270 775 370 834 Pacem
387 775 480 828 duello
497 775 613 828 miscuit
647 775 672 828 0
690 774 794 842 pudori

302 849 328 902 0
346 865 444 915 magna
463 850 610 916 Karthago,
627 848 767 918 probrosis

340 923 431 978 Altior
449 923 546 976 Italiae
563 924 648 976 ruinis
657 923 680 978 Ρ*

268 996 371 1052 Fertur
387 997 502 1066 pudicae
518 997 640 1064 conjugis
657 997 778 1052 osculum
797 1066 799 1071 .

270 1071 426 1140 Perseaque
443 1075 522 1126 natos
539 1075 571 1124 ut
587 1071 684 1139 cepitis
701 1071 789 1124 minor

305 1146 351 1200 Ab
369 1163 399 1200 se
417 1146 563 1200 removisse
579 1151 611 1200 et
627 1145 733 1200 virilem

236 1288 239 1294 .
336 1221 439 1276 'Porrus
456 1221 531 1274 humi
548 1219 670 1287 posuisse
687 1220 808 1276 vultum:

267 1295 503 1352 Doneclabantes
520 1295 630 1348 consilio
647 1298 741 1363 patres

269 1369 404 1424 Firmaret
421 1369 515 1423 auctor
532 1385 669 1437 nimquam
684 1369 753 1424 alias
770 1369 841 1435 dato¹

302 1445 436 1513 Interque
452 1448 607 1498 maerentes
624 1443 725 1499 amicos

337 1519 470 1585 Egregius
487 1521 646 1586 properaret
664 1517 748 1572 exsul.

271 1593 360 1660 Atqui
377 1591 480 1646 sciebat
496 1607 567 1659 quae
586 1591 638 1644 sibi
655 1591 787 1644 barbanu

267 1665 368 1724 Tortor
384 1669 512 1734 perarct3
528 1681 583 1718 non
599 1665 679 1718 aliter
695 1669 787 1718 tamen

304 1740 426 1794 Dimovit
441 1739 584 1798 obstantes
601 1739 767 1808 propinquos
824 1791 827 1795 .

337 1814 374 1868 ut
390 1814 520 1882 populum
537 1813 820 1878 reditusfmorantem,

268 1889 357 1952 Quam
375 1889 398 1942 si
412 1889 545 1956 clientum
562 1888 642 1955 longa
659 1889 769 1955 negotia
855 1901 867 1922 ·

269 1963 429 2031 Dijudioata
446 1964 496 2018 lite
513 1963 689 2032 relinqueret,

305 2038 431 2098 Tendens
449 2039 618 2092 Venafranos
635 2039 665 2090 in
681 2054 761 2105 agius

337 2115 397 2168 Aut
414 2113 660 2166 Lacedaemonium
678 2112 831 2166 Tarentum.

531 2255 582 2308 VI.

269 2337 395 2392 Demere
412 2337 546 2404 majorum
562 2337 714 2390 immerItus
731 2337 799 2404 lues,

271 2412 402 2478 Romane,
421 2412 508 2464 donec
525 2411 628 2477 templa
644 2411 773 2464 refeceris

306 2486 454 2552 Aedesque
472 2483 596 2538 labentes
613 2485 726 2536 deorum
744 2489 774 2538 et

339 2559 433 2612 Foeda
449 2558 526 2625 nigro
545 2558 688 2612 simulacra
704 2559 784 2614 sumo.

270 2633 321 2688 Dis
338 2636 368 2686 te
384 2633 516 2686 minorem
534 2633 608 2702 quod
624 2633 696 2700 geris
714 2634 863 2702 imperas:n
966 2644 978 2681 s

270 2709 344 2764 Hinc
361 2724 441 2762 omne
457 2708 627 2776 principium,
645 2708 698 2762 huc
715 2709 788 2763 refer
806 2708 920 2777 exitum
1051 2719 1073 2758 Ο

303 2782 341 2836 Di
358 2783 444 2836 multa
461 2783 577 2850 neglecti
593 2782 732 2838 dederunt

339 2856 492 2924 Hesperiae
509 2857 581 2910 mala
596 2856 741 2914 luctuosae.

268 2931 335 2984 Jam
352 2930 395 2984 bis
413 2932 557 2984 Monaeses
574 2935 604 2984 et
622 2931 716 2983 Pacori
733 2947 830 2985 luanus

267 3005 296 3061 N
298 3021 332 3058 on
350 3007 504 3074 auspicatos
521 3004 647 3057 contudit
663 3005 782 3072 impetus

303 3081 419 3135 Nostros
437 3083 467 3134 et
483 3077 618 3146 adjecisse
634 3079 765 3147 praedam
801 3123 804 3130 .

337 3155 489 3226 Torquibus
507 3153 612 3220 exiguis
630 3153 744 3208 renidet
