2288 3444
141 163 176 216 72

417 162 572 213 nouem
583 161 718 212 nuncet

280 242 415 298 Ornetum
431 242 504 297 foliis
521 242 627 310 ducem,

315 317 396 382 Quod
412 333 509 385 rugum
525 317 646 371 tumidus
663 315 822 371 contuderit
838 318 933 385 minas,

189 461 193 468 ι
283 392 421 447 Ostendet
435 392 583 460 Capitolio:

315 466 371 522 Sed
382 483 452 536 quac
464 467 549 521 'l'ibur
559 483 647 535 aquae
658 466 750 521 fertile
761 466 918 536 praefluunt
942 480 955 504 ·
974 481 996 521 u

282 542 322 598 Et
339 542 441 609 spissae
458 557 600 596 nemorum
617 557 710 594 comae

317 617 436 685 Fingent
454 616 552 670 Aeolio
568 616 687 670 carmine
704 614 830 670 nobilem.

282 692 387 746 Romae
404 690 534 760 principis
551 689 661 744 urbium

316 767 453 834 Dignatur
469 765 578 820 suboles
594 765 669 820 iuter
685 763 816 820 amabiles

282 841 385 898 Vatum
402 856 504 909 ponere
520 855 566 894 me
582 840 685 906 choros,
974 854 997 894 u

317 917 354 970 llt
366 915 426 984 jam
444 915 528 969 dente
545 915 635 968 minus
652 914 780 968 mordeor
797 913 895 970 invido.

168 979 172 986 ’
284 991 316 1058 0,
333 990 481 1045 testudinis
497 1005 596 1044 aureae
698 1013 705 1029 ·

316 1067 431 1120 Dulcem
448 1081 519 1134 quae
536 1063 690 1132 strepitum,
709 1063 791 1131 Pieri,
809 1066 953 1132 temperas,

283 1140 308 1194 O
325 1141 413 1194 mutis
427 1155 534 1208 qunque
550 1139 670 1208 piscibus

318 1215 459 1270 Donatum
474 1215 557 1282 cycni,
575 1214 599 1268 si
615 1213 707 1282 libeat,
724 1229 827 1282 sonum,
972 1231 996 1270 ac

283 1289 382 1344 'lotum
399 1290 518 1343 muueris
534 1289 586 1342 boc
603 1289 645 1342 tui
662 1294 732 1343 est:-

319 1364 400 1428 Quod
416 1367 553 1418 monstror
571 1363 657 1432 digito
674 1363 908 1432 praetereuntium

284 1437 422 1493 Romanae
438 1437 538 1492 fidicen
554 1437 638 1506 lyrae,

319 1511 399 1577 Quod
416 1511 489 1582 spiro
506 1515 536 1567 et
552 1512 653 1582 placeo,
671 1511 694 1567 si
711 1511 813 1581 placeo,
830 1514 908 1566 tuum
927 1519 979 1567 est.

505 1633 507 1637 ’
546 1654 621 1711 nv.-

246 1741 248 1744 ’
285 1739 407 1804 Qusunu
424 1737 579 1791 ministrum
596 1735 717 1790 fulminis
734 1736 835 1805 alitem,

285 1815 337 1869 Cui
354 1829 404 1867 rex
420 1813 534 1866 deornm
551 1827 667 1880 regnum
684 1811 713 1864 in
730 1827 795 1866 aves
811 1827 895 1880 vagas

319 1888 451 1942 Permisit
468 1891 598 1957 expertus
615 1887 725 1941 fidelem

353 1962 484 2030 luppiter
500 1963 530 2015 in
547 1961 707 2030 Ganymede
725 1961 801 2030 flavo,

286 2036 359 2090 Olim
371 2035 502 2104 juventas
519 2039 550 2091 et
566 2037 673 2105 patrius
690 2037 767 2106 rigor
984 2051 996 2091 s

285 2111 360 2166 Nido
377 2110 500 2164 laborum
516 2112 637 2180 propulit
654 2112 777 2178 inscium,

320 2187 461 2255 Vernique
474 2187 534 2256 jam
551 2187 652 2240 nimbis
668 2189 778 2241 remotis
846 2224 848 2228 .

355 2261 617 2316 Insolitasdocuere
634 2262 711 2315 nisus

287 2334 371 2390 Venti
388 2337 546 2405 paventem
557 2335 620 2390 mox
637 2337 666 2390 in
683 2336 764 2390 ovilia

287 2412 405 2466 Ilemisit
422 2412 529 2466 hostem
546 2412 652 2465 vividus
669 2412 795 2480 impetus,
870 2407 874 2414 ’
974 2427 995 2464 rc

320 2487 402 2541 Nunc
418 2487 453 2540 in·
464 2487 630 2540 reluctantes
649 2487 780 2540 dracones
901 2546 903 2550 ¹

301 2619 322 2641 ἱ
355 2562 420 2629 Egit
436 2578 513 2614 amor
530 2562 609 2630 dapis
625 2565 709 2630 atque
725 2577 845 2629 pugnae:

287 2635 435 2700 Qualemve
453 2635 532 2688 laetis
550 2651 648 2702 caprea
664 2637 772 2705 pascuis

287 2709 401 2763 intenta
417 2709 507 2762 fulvae
525 2709 622 2762 matris
639 2710 675 2762 ab
691 2711 778 2764 ubere

320 2782 385 2834 lam
403 2783 473 2834 lacte
492 2782 635 2849 depulsum
652 2782 774 2837 leonem-
973 2795 996 2836 lt

350 2855 446 2908 'Dente
462 2871 532 2908 novo
548 2857 672 2922 peritura
687 2859 771 2913 vidit:

289 2926 391 2982 Videre
409 2928 505 2982 Raetis
523 2929 595 2982 bella
613 2929 664 2982 sub
682 2930 800 2998 Alpibus

288 2999 408 3054 Drusum
425 3004 567 3068 gerentem
584 3001 720 3054 Vindelici
728 3002 869 3071 ;-quibus

207 3077 209 3081 '
322 3073 384 3126 Mos
400 3076 474 3128 unde
491 3075 625 3128 deductus
642 3089 789 3142 peremne

358 3147 474 3213 Tempus
492 3147 639 3199 Amazonia
650 3148 745 3199 securi
936 3193 938 3200 ,
970 3165 996 3206 ω
