2288 3444
185 148 231 196 loo
456 145 610 200 HORA'TII
627 147 757 198 abacos

183 225 271 290 Quam
288 223 378 295 neque
395 224 506 280 finitimi
521 225 665 282 valuerunt
682 226 799 296 perdere
817 227 903 282 Marsi
919 247 928 255 ’

216 299 332 353 illinacis
349 302 397 354 aut
416 300 531 354 numera
549 299 687 354 Porsenae
704 317 807 366 manus,

182 375 300 428 Aemula
316 391 367 430 noo
384 375 471 428 virtus
490 375 598 444 Capuae
615 391 667 428 nee
685 374 830 444 Spartacus
844 393 927 448 acor
1017 397 1033 436 s

216 449 242 503 N
245 450 355 518 ovisque
372 449 455 504 robus
472 449 591 502 infidelis
609 449 749 517 Allobrox,

181 523 208 578 N
209 541 240 578 ec
257 525 315 582 fera
332 525 455 578 caemlea
473 523 579 578 domuit
597 523 744 580 Germania
760 524 833 592 pube

215 599 433 668 Parentibusque
450 598 622 654 abominatus
640 599 787 667 Hannibal,

181 673 270 740 Impia
286 674 433 742 perdemus
450 671 543 728 devoti
561 673 801 742 sauguinisaetas,

214 749 347 816 Ferisque
363 764 457 802 rursus
469 747 644 816 occupabitur
661 749 756 811 solum.
1003 767 1027 807 ru

180 823 317 877 Barbanrs
335 824 390 878 hou
407 823 511 877 cineres
528 823 638 878 insistet
655 824 742 878 victor
759 827 788 878 ct
805 824 909 880 Urbem

214 899 305 967 Eques
323 902 436 954 sonante
453 897 610 957 verberabit
626 899 736 966 ungula,

180 973 310 1042 Quaeque
328 977 421 1028 carent
438 973 527 1026 uentis
545 976 575 1026 et
593 973 694 1026 solibus
712 990 773 1027 ossa
791 974 904 1043 Quirini,

213 1047 238 1100 N
241 1049 297 1102 elas
314 1049 424 1104 videre!
444 1047 588 1115 dissipabit
605 1046 730 1102 insolens.
1137 1041 1138 1124 l

178 1122 262 1176 Forte
279 1123 347 1192 qnid
364 1121 492 1190 expediat
508 1122 687 1177 communiter
703 1125 751 1177 aut
768 1123 864 1178 melior
880 1139 944 1191 pars
1002 1141 1026 1180 ιε
1137 1127 1138 1184 l

212 1199 293 1253 Malis
300 1209 403 1251 ‘carere
422 1197 553 1266 quaeritis
570 1195 721 1254 laboribus:
1137 1187 1138 1232 l

177 1271 260 1326 Nulla
277 1273 313 1326 sit
330 1272 380 1326 hac
397 1273 486 1340 potior
507 1271 649 1340 sententia,
667 1271 851 1327 Phocaeorum

211 1348 296 1402 Velut
312 1347 433 1416 profugit
449 1351 589 1402 exsecrata
607 1347 701 1402 civitas

177 1422 267 1490 Agros
285 1419 368 1491 atque
386 1423 470 1476 bures
486 1423 589 1490 patrios
606 1421 808 1495 habitandaque
825 1423 887 1478 fana

211 1499 295 1566 Apris
312 1498 423 1566 reliquit
440 1501 469 1551 et
486 1497 629 1566 rapacibus
645 1498 723 1566 lupis,
904 1561 906 1566 Ι
998 1517 1022 1556 ao

177 1573 223 1626 Ire
240 1573 325 1642 pedes
343 1589 503 1642 quocunque
521 1571 618 1640 ferent,
636 1589 796 1642 quoeunque
812 1590 863 1642 per
879 1573 968 1628 undas

210 1648 299 1703 Notus
317 1647 424 1702 vocabit
441 1651 489 1702 aut
505 1649 648 1716 protervus
667 1649 784 1702 Africus.

175 1723 219 1777 Sic
236 1724 345 1792 pluceti
368 1741 403 1778 an
419 1723 516 1776 melius
533 1723 594 1792 quis
611 1721 696 1778 habet
713 1725 828 1778 suadere
837 1723 1008 1780 l-Soeunda

210 1799 309 1852 ltatem
326 1815 457 1866 occupare
475 1797 543 1866 quid
559 1814 696 1851 moramur
713 1799 795 1852 alilel

174 1872 230 1926 Sed
243 1871 368 1940 juremus
386 1874 414 1926 in
431 1873 512 1927 haec:
534 1871 619 1927 simul
636 1873 696 1926 imis
714 1890 779 1926 saxa
792 1874 912 1928 renarint
994 1891 1019 1931 25

209 1948 295 2001 Vadis
312 1949 408 2016 levata,
425 1965 460 2002 ne
477 1947 567 2002 redire
586 1947 622 2002 sit
638 1948 732 2012 nefas;

173 2023 199 2076 N
201 2040 236 2076 eu
253 2037 382 2075 conversa
399 2022 509 2075 domurn
526 2022 620 2091 pigeat
637 2022 703 2076 dare
720 2021 810 2090 lintea,
828 2023 937 2091 quando

208 2098 298 2151 Padus
317 2097 423 2150 llatina
439 2096 536 2150 laverit
553 2097 699 2164 cacumina,

90 2195 97 2208 ·
172 2172 205 2226 In
224 2189 298 2226 mare
316 2188 365 2226 seu
381 2172 468 2225 celsus
485 2172 649 2240 procurrerit
667 2173 835 2241 Apenninus,

206 2247 231 2299 N
233 2264 336 2316 oraque
354 2251 474 2300 monstra
487 2246 611 2314 junxerit
628 2247 741 2302 libidine
991 2265 1015 2304 so

170 2321 259 2375 Mirus
276 2337 358 2389 amor,
372 2320 452 2389 juvet
467 2325 500 2375 ut
516 2321 602 2389 tigres
620 2322 760 2376 subsidere
778 2323 871 2388 cervis,

205 2397 388 2450 Adulteratur
405 2400 433 2450 et
451 2395 574 2449 columba
590 2395 680 2461 miluo,

169 2470 287 2525 (lredula
303 2488 354 2525 nee
371 2487 449 2524 ravos
467 2473 582 2524 timeant
600 2473 724 2524 armenta
742 2469 840 2537 leones,
908 2525 909 2528 ,

171 2565 173 2572 ·
204 2549 341 2614 Ametque
359 2546 429 2598 salsa
446 2545 513 2598 levis
530 2545 620 2598 hircus
638 2561 764 2612 aequora.

167 2619 245 2674 Hace
262 2625 291 2674 et
307 2635 377 2688 quae
394 2622 524 2687 poterunt
541 2620 646 2672 reditus
664 2618 821 2672 abscindere
838 2615 931 2683 dulces
988 2633 1012 2674 rs

201 2695 301 2746 Eamus
319 2693 406 2745 omnis
424 2697 564 2746 exsecrata
580 2694 683 2760 civitas,
725 2745 729 2753 ,

165 2769 225 2819 Aut
242 2783 305 2834 pars
322 2765 430 2818 indocili
448 2766 543 2818 melior
558 2783 656 2833 grege3
674 2766 761 2820 mollis
778 2770 807 2820 et
824 2783 922 2835 exspes

199 2841 352 2892 inominata
368 2840 519 2908 perprimat
537 2839 653 2905 cubilia;

167 2911 221 2966 Vos
238 2913 336 2979 quibus
354 2916 397 2966 est
414 2913 501 2965 virtus
518 2913 679 2966 muliebrem
695 2913 783 2966 tollite
800 2914 905 2969 luctum

196 2985 311 3038 Etmrsca
328 2991 436 3053 praeter
454 2990 483 3040 et
500 2987 589 3040 volate
606 2987 706 3040 littora.
979 3002 1000 3039 n

162 3054 219 3111 Nos
236 3063 329 3112 manet
347 3059 469 3113 Oceanus
486 3061 681 3125 circumvagos:
702 3059 872 3126 arrabonis
924 3093 935 3132 ⁸.

200 3131 328 3184 Petamus
345 3148 410 3186 arva
427 3134 526 3186 divites
544 3139 573 3186 ot
589 3132 697 3200 inurlas,
716 3135 720 3144 '
842 3195 845 3202 .
898 3189 901 3200 ¹
