2276 3448
37 165 41 174 '
138 189 182 241 174
408 188 558 251 nonam
575 189 704 240 rusum

96 268 260 336 ,·Gaesaris
277 267 381 336 accepit
397 267 511 335 genibus
528 268 630 334 minor3
650 285 732 323 aurea
748 269 841 338 fruges

136 343 233 398 Italiae
249 343 329 412 pleno
347 343 472 397 defundit
490 342 574 412 Copia
591 359 681 398 cornu

441 453 444 459 ’
519 485 628 552 ΧΠΙ.Ι

135 563 178 616 Ur
195 565 410 632 proficiscentem
428 565 507 619 docui
524 569 554 620 te
572 583 653 636 saepe
670 565 773 636 diuque

135 641 260 706 Augusto
277 641 377 708 reddes
394 641 501 708 signata
517 641 660 708 volumina,
679 640 751 710 Vini,
771 667 775 677 ·

134 713 163 765 Si
181 714 292 783 validus,
307 715 334 768 si
351 715 440 770 lactus
457 717 517 784 erit,
536 715 559 768 si
576 716 694 785 denique
710 721 820 785 poscet3

133 787 159 840 N
162 804 177 840 o
195 789 285 842 studio
302 789 389 844 nostri
405 805 500 858 pecces
517 791 665 859 odiumque
683 790 782 845 libellis

133 862 249 918 Sedulus
266 864 396 932 importes
413 881 496 933 opera
512 865 673 928 vehemente
690 866 821 922 minister.

133 938 162 991 Si
180 943 209 993 te
226 939 298 994 forte
315 957 391 994 meae
407 941 498 1008 gravis
514 944 577 994 uret
595 941 699 994 sarcina
715 941 833 1010 chartac,
919 953 922 959 ·

133 1013 254 1082 Abjicito
271 1017 362 1083 potius
380 1032 461 1084 quam
479 1032 533 1084 quc
549 1016 670 1084 perferre
683 1015 791 1084 juberis

133 1089 254 1143 Clitellas
272 1091 346 1144 forus
364 1091 503 1158 impingas,
523 1091 679 1160 Asinaeque
696 1095 838 1160 paternum

133 1165 287 1232 Cognomen
305 1170 395 1219 vertas
412 1169 441 1219 in
459 1167 543 1220 risum
561 1169 590 1220 et
607 1165 698 1219 fabula
715 1167 772 1220 fias.

132 1239 245 1293 Viribus
263 1241 348 1294 uteris
365 1255 415 1309 per
432 1240 521 1308 clivos,
539 1241 657 1308 flumina,
675 1240 759 1295 lamus
768 1259 795 1307 ;v

132 1313 228 1368 Victor
245 1315 377 1384 propositi
395 1315 474 1368 simul
492 1331 523 1368 ac
539 1316 695 1383 perveneris
712 1316 782 1383 illuc,

132 1390 177 1444 Sic
193 1391 312 1458 positum
330 1389 452 1444 servabis
469 1406 544 1458 onus,
561 1407 596 1443 ue
613 1391 684 1446 forte
703 1391 753 1445 sub
771 1391 814 1445 ula

131 1465 301 1519 Fasciculum
318 1469 410 1534 portes
427 1465 565 1532 librorum,
583 1469 615 1519 nt
631 1467 749 1520 rusticus
766 1483 872 1535 agnum,

131 1539 172 1594 Ut
188 1541 280 1594 vinosa
296 1541 402 1608 glomus
419 1540 537 1594 furtivae
556 1541 669 1609 Pyrrhia
686 1541 770 1610 lanae,

130 1614 172 1670 Ut
189 1632 250 1670 cum
267 1616 364 1684 pileolo
383 1615 469 1670 soleas
487 1617 596 1670 conviva
613 1612 729 1670 tribulis.

130 1689 175 1744 Ne
191 1689 271 1758 vulgo
288 1707 382 1744 narres
399 1695 428 1744 te
446 1691 585 1744 sudavisse
602 1691 713 1744 ferendo

131 1764 265 1832 Carmina,
284 1781 353 1833 quae
370 1765 475 1834 possint
493 1765 582 1819 oculos
601 1782 735 1834 auresque
752 1767 870 1820 morari·

131 1840 268 1903 Caesaris3
286 1845 378 1914 oratus
395 1841 481 1894 multa
498 1857 578 1908 prece
594 1841 682 1894 nitere
699 1857 787 1908 porro.

130 1913 217 1983 Vade,
234 1915 301 1981 vale,
319 1931 383 1968 cave
400 1930 436 1968 ne
453 1915 556 1969 titubes
573 1915 755 1984 mandataque
774 1916 887 1985 frangas.
966 1971 971 1979 ,

513 2057 592 2114 XIV.

129 2140 249 2194 Vmurcn
267 2139 393 2193 silvarum
410 2141 439 2193 et
456 2139 523 2192 mihi
540 2157 584 2192 me
601 2139 743 2194 reddentis
760 2141 847 2209 agelli,

130 2215 218 2280 Quem
234 2218 266 2268 tu
282 2214 391 2267 fastidis
407 2212 560 2267 habitatum
578 2215 698 2284 quinque
716 2216 783 2269 focis
800 2219 830 2270 et

129 2291 254 2360 Quinque
271 2289 355 2342 bonos
373 2289 482 2344 solitum
500 2289 612 2344 Variam
630 2290 770 2345 dimittere
786 2287 885 2361 patres,

129 2367 272 2421 Certemus
289 2365 379 2438 spinds
395 2365 519 2418 animone
537 2382 587 2432 ego
604 2365 701 2418 lortius
718 2369 802 2420 antu

128 2440 237 2496 Evellas
253 2457 325 2509 agro,
344 2444 374 2494 ct
390 2441 485 2494 melior
503 2441 539 2494 sit
558 2441 690 2494 Horatius
708 2459 743 2495 an
760 2459 811 2497 res
958 2457 972 2498 c

128 2515 176 2571 Me
193 2517 315 2585 quamvis
334 2515 444 2570 Lamiae
462 2515 549 2584 pietas
567 2519 596 2568 et
614 2531 679 2568 cura
695 2521 816 2570 moratur

128 2590 255 2645 Fratrem
272 2591 425 2658 maerentia,
443 2594 522 2658 rapto
539 2591 575 2644 de
591 2591 676 2644 fratre
695 2592 811 2645 dolentis

128 2666 317 2734 Insolabiliter,
335 2669 426 2719 tamen
444 2665 514 2718 istuc
531 2682 607 2719 mens
624 2667 782 2736 animusque
811 2716 821 2723 ,,

75 2803 76 2806 ¹
127 2739 196 2794 Fert
213 2745 242 2794 et
258 2743 332 2794 amat
349 2740 443 2808 spatiis
460 2739 596 2794 obstantia
613 2757 739 2809 1umpere
756 2742 879 2796 claustra

127 2813 203 2867 Rure
220 2831 270 2882 ego
287 2815 430 2879 viventem,
448 2816 480 2866 tu
498 2814 565 2868 dieis
582 2816 610 2867 in
627 2816 695 2869 urbe
712 2815 837 2870 beatum:
949 2833 969 2872 lo

127 2887 177 2940 Oui
194 2889 284 2954 placet
300 2888 411 2942 alterius
429 2905 477 2948 sua
494 2889 622 2942 nlmirum
640 2893 683 2944 est
699 2891 762 2944 odio
779 2909 844 2946 sors.

126 2960 232 3013 Stultus
249 2965 365 3030 uterque
382 2962 470 3016 locum
487 2963 653 3017 immeritum
670 2969 797 3020 causatur
812 2966 918 3034 inique:

126 3033 160 3086 In
178 3035 256 3101 culpa
273 3041 316 3089 est
333 3038 445 3105 animus,
463 3038 510 3105 qui
525 3039 558 3091 'se
575 3055 629 3091 non
647 3039 742 3106 effugit
758 3057 885 3108 unquam.

125 3106 166 3158 'lu
183 3109 359 3162 mediastinus
377 3112 461 3163 tacita
478 3129 558 3178 prece
575 3129 639 3166 rura
655 3113 775 3180 petebas,

124 3179 204 3233 Nunc
220 3181 316 3234 urbem
333 3187 363 3236 ct
380 3184 458 3237 ludos
476 3188 506 3238 et
522 3185 619 3250 balnea
635 3185 740 3240 villicus
757 3191 850 3256 optas;
947 3206 987 3262 ιε1
