2288 3444
408 179 562 231 HORATII
580 177 709 230 runem
731 199 739 214 ·

271 259 331 326 Quo
347 260 419 329 fugit
434 276 527 326 venus,
544 258 606 325 heu,
623 275 713 328 quove
729 258 823 314 eelerl
840 260 942 320 elecem

272 336 333 401 Quo
349 338 460 390 metusl
478 334 546 404 quid
561 334 646 388 habes
662 333 742 402 illius,
759 334 838 404 illius,

306 411 384 476 Quae
401 410 525 481 spirabat
541 423 656 476 amores,
752 437 756 446 .

341 486 418 552 Quae
434 501 479 540 me
496 487 643 553 surpuerat
659 483 734 552 mihi,
961 502 986 543 se

271 559 350 614 Felix
366 564 430 629 post
447 560 581 626 (linai-em,
598 562 717 627 notaque
734 561 765 612 et
781 560 883 614 artium

272 635 418 690 Gratamm
434 634 538 689 faciest
573 633 631 688 Sed
647 633 762 689 Cinarae
779 632 877 690 breves

307 713 405 764 Annos
421 709 480 764 feta
496 708 641 776 dederent,

341 785 489 839 Servatum
506 784 555 838 diu
571 800 666 853 parem
715 817 718 822 ι
912 851 914 856 ¹

273 859 396 915 Cornicis
412 859 521 914 validae
538 858 707 928 temporibus
726 858 824 928 Lycen,
963 874 988 916 ss

272 934 389 992 Pesseut
405 938 439 990 ut
451 934 569 1004 juvenes
586 934 675 988 visere
692 933 792 988 fervidi

273 1009 277 1017 '
306 1010 396 1066 Multo
411 1025 466 1064 nen
483 1009 542 1064 sine
559 1009 616 1063 risu

340 1085 481 1156 Dilapsam
497 1085 526 1138 in
543 1084 649 1140 cineres
664 1084 760 1140 facem.

406 1183 413 1213 Ι

234 1240 290 1301 7¹„
305 1245 323 1282 a
340 1239 380 1279 aa
524 1223 604 1279 mv.

199 1242 219 1354 C
235 1310 242 1318 '
272 1305 355 1372 Quin
372 1322 437 1361 eura
452 1307 563 1375 patrum
581 1321 685 1376 quaeve
703 1304 853 1372 Qtdritium

273 1381 366 1438 Plenis
376 1383 515 1437 ,honorum
532 1381 690 1436 muneribus
707 1386 776 1452 tuas,
822 1391 871 1448 &a
887 1381 911 1444 of
917 1360 938 1394 θ

308 1460 443 1524 Auguste,
461 1455 578 1510 virtutes
595 1455 624 1509 in
641 1473 737 1510 aevum
753 1415 843 1508 tuM·
910 1476 948 1556 qb

304 1539 314 1549 “
343 1531 398 1585 l'er
416 1531 511 1585 titulos
528 1547 717 1600 memoresque
733 1527 912 1601 fmueffl

274 1607 419 1673 Aeternet
436 1622 454 1660 e
471 1621 526 1676 qua
543 1606 583 1659 sol
599 1605 762 1660 habitabiles

273 1681 398 1737 Illustrat
423 1697 486 1736 eras
502 1681 620 1736 maxime
636 1682 801 1750 principum?

298 1755 397 1823 'Quem
414 1757 484 1826 legis
501 1759 629 1824 expertes
649 1755 763 1811 Latinae

345 1831 482 1886 Vindelici
499 1831 622 1884 didicere
638 1847 727 1899 nuper

272 1904 348 1972 Quid
364 1907 455 1960 Marte
471 1921 572 1974 posses
607 1905 698 1959 Milite
715 1923 778 1960 nam
794 1909 845 1961 tuo

273 1979 381 2036 Drusus
399 1981 551 2046 Genaunes,
569 1979 746 2050 implacidum
762 1997 856 2050 genus,
964 2008 987 2049 1⁰
1049 2025 1051 2030 .

309 2055 488 2124 Breunosque
504 2055 618 2124 veloces,
637 2059 667 2109 et
683 2071 760 2109 arces

344 2130 462 2199 Alpibus
479 2130 621 2199 impositas
638 2131 792 2184 tremendis

275 2203 386 2273 Dejecit
402 2221 465 2259 acer
482 2205 544 2274 plus
561 2205 620 2260 viee
638 2205 771 2272 simpliei;

280 2279 374 2348 Major
390 2280 416 2334 N
418 2297 529 2334 erenum
546 2296 610 2334 mox
627 2297 711 2348 grase
727 2279 862 2349 proelium

308 2355 452 2410 Commisit
468 2356 656 2424 immanesque
675 2355 777 2409 Raetos
966 2369 984 2411 u

342 2431 480 2500 Auspiciis
497 2431 602 2500 pepulit
620 2430 754 2497 secundis,

210 2517 214 2526 ’
274 2505 447 2574 Spectandae
464 2506 493 2559 iu
510 2505 657 2560 certamine
676 2504 786 2573 Martio,

273 2579 381 2635 Devota
397 2581 479 2634 morti
495 2584 606 2649 pectora
622 2580 725 2634 liberae

308 2655 424 2718 Quantis
440 2655 570 2722 fatigaret
587 2655 687 2719 ruinis;

325 2726 339 2745 ·’
345 2728 497 2781 Indomitos
513 2743 599 2796 prope
615 2729 703 2796 qualis
720 2729 809 2784 undas

273 2802 390 2858 Exercet
409 2803 519 2869 Auster,
538 2802 683 2856 Pleiadum
701 2804 782 2858 choro

274 2877 421 2932 scindente
439 2877 534 2944 nubes,
552 2877 668 2945 impiger
685 2878 805 2932 hostium

276 2961 279 2969 “
307 2951 417 3005 Vexare
434 2954 539 3006 turmas
556 2955 586 3005 et
602 2952 765 3005 frementem

342 3027 456 3081 Mittere
474 3043 574 3096 equum
592 3026 697 3080 medies
714 3043 764 3094 per
781 3027 866 3094 ignes.

274 3099 320 3155 sic
336 3101 500 3154 tauriformis
517 3101 634 3154 volvitur
652 3099 778 3164 Aufidus,
809 3103 815 3116 ·
971 3117 996 3158 st

274 3173 327 3238 Qui
344 3189 429 3242 regna
447 3174 537 3227 Dauni
553 3161 681 3240 praefluit
700 3173 792 3240 Apuli,
