2288 3444
416 173 560 224 EPODON
577 173 694 235 mun,
714 175 752 223 12.
976 177 1009 229 W

228 255 285 313 Hio
300 255 400 312 tertius
418 254 577 322 December,
594 270 630 308 ex
647 269 702 321 quo
719 252 815 308 destiti
997 267 1011 308 s

263 330 375 385 Inachia
392 330 492 396 furere,
511 329 586 382 silvis
602 328 734 382 honorem
751 328 865 383 decutit

228 407 294 462 Hou
311 422 362 473 me,
380 421 430 474 per
447 403 755 471 Urbem-nam‘pudet
771 403 843 458 tanti
860 403 961 462 unali—,

262 480 368 535 Fabula
384 482 488 549 quanta
503 478 560 533 sui!
597 477 787 533 Conviviornm
805 482 834 533 et
850 479 972 547 poenitet
1048 527 1057 544 ,

228 555 263 610 In
280 555 342 624 quis
358 557 495 608 amantem
511 553 626 621 languor
642 556 672 607 et
689 551 829 608 silentium

261 630 364 698 Arguit
379 629 512 684 et·latere
528 629 632 696 petitus
649 627 703 680 imo
720 628 839 695 spiritus
983 643 1006 684 ιο

226 705 382 759 “Contrane
399 704 504 758 luorum
521 703 560 756 nil
577 703 666 756 valere
683 702 830 756 eundidum
930 756 933 761 ,

260 779 391 848 Pauperis
407 779 546 847 ingenium
553 777 578 832 2²¹
597 777 732 846 querebar
748 778 894 846 applorans
909 776 970 834 tibi.

225 854 311 909 Simul
328 854 442 908 calentis
458 853 656 907 inverecundus
674 852 743 906 deus

259 928 417 983 Fervidiore
433 944 509 982 moro
526 943 626 981 aroana
641 929 780 995 promorat
796 926 863 981 loeo.

225 1003 328 1068 Quodsi
344 1003 413 1057 meis
430 1004 567 1056 inuestum
583 1001 751 1070 praecordiis
929 1029 933 1036 ·
983 1016 1005 1056 ιε

258 1078 358 1133 hibera
375 1078 445 1146 bilis,
463 1081 497 1132 ut
513 1077 581 1131 haee
596 1076 706 1144 ingrata
721 1073 811 1130 uentis
828 1074 935 1130 diudat

225 1152 355 1208 Fomenta
371 1153 469 1206 vulnus
485 1152 525 1206 nil
541 1151 643 1225 malurn
659 1149 785 1217 levantia,

258 1227 372 1282 Desinet
389 1227 539 1296 imparibus
555 1221 660 1281 uertere
677 1229 828 1280 summotus
845 1226 941 1293 pudor.

223 1301 279 1356 Ubi
296 1303 364 1357 haee
380 1299 492 1356 seuerus
508 1306 539 1355 te
551 1301 645 1370 palam
661 1300 845 1368 leudoveram,¹

257 1377 355 1431 Jussus
371 1377 448 1430 abire
465 1376 702 1430 domumfenebar
716 1377 823 1429 incerto
839 1375 911 1444 pede
979 1392 1004 1431 aa

224 1453 271 1507 Ad
287 1469 341 1506 non
357 1453 459 1506 anricus
475 1451 529 1506 heu
546 1451 612 1504 mibi
630 1454 723 1520 postea
741 1455 771 1505 et
787 1451 849 1504 heu

257 1527 364 1580 Limina
380 1527 457 1595 dura,
474 1526 574 1596 quibus
590 1525 697 1579 lumbos
714 1530 744 1579 et
760 1525 859 1592 infregi
876 1524 956 1578 latus

223 1601 302 1656 Nune
318 1602 460 1670 gloriantis
477 1601 627 1669 quamlibet
644 1599 830 1653 mulierculam
1053 1611 1056 1618 ’

258 1677 375 1730 Vincere
392 1677 505 1730 mollitie
522 1689 598 1728 amor
615 1673 718 1742 Lycisci
735 1675 780 1726 me
797 1676 883 1740 tenet,
897 1695 900 1702 ·

224 1751 305 1806 Unde
321 1752 452 1821 expedire
468 1766 522 1803 non
539 1749 686 1802 amicorum
703 1752 807 1817 queant
963 1763 1003 1803 12⁵

257 1826 357 1879 libera
374 1825 485 1879 consilia
500 1840 550 1878 neo
567 1822 746 1878 contumeliae
762 1837 866 1891 graves,

223 1900 280 1956 Sed
296 1901 365 1954 alius
381 1901 464 1955 ardor
480 1903 529 1954 aut
544 1899 652 1968 puellae
668 1897 800 1952 eandidee
882 1941 886 1948 .

257 1978 316 2031 Aut
333 1975 431 2030 teretis
446 1975 525 2044 pueri
541 1974 649 2042 longam
666 1971 825 2028 renodantis
841 1988 954 2026 eomam.

223 2199 298 2264 Qum
315 2199 367 2254 tibi
384 2199 433 2265 vis,
451 2197 550 2252 mulier
564 2197 652 2266 nigris
668 2196 829 2265 dignissima
844 2195 968 2249 burriel.¹

256 2275 372 2328 Munera
388 2275 455 2343 quid
471 2273 538 2327 mihi
555 2272 655 2342 quidve
671 2271 788 2324 tabellas
811 2311 814 2320 .

221 2348 312 2402 Mittis
328 2365 378 2403 neo
395 2351 474 2402 firmo
486 2347 583 2416 juveni
599 2362 689 2413 neque
704 2345 778 2397 nafis
795 2343 912 2398 obesset

255 2424 281 2476 N
283 2439 380 2492 amque
398 2423 520 2491 sagacius
536 2437 608 2474 unus
624 2420 729 2484 odoror,
826 2443 829 2450 ·

222 2497 339 2566 Polypus
356 2514 390 2551 nn
408 2498 498 2566 gravis
515 2494 627 2548 hirsutis
644 2493 726 2546 cubet
742 2491 834 2545 hirene
850 2491 879 2545 iu
895 2490 962 2560 alis.
986 2507 999 2546 a

255 2573 341 2638 Quam
359 2574 433 2628 oanis
449 2589 511 2626 acor
528 2570 575 2624 ubi
592 2569 678 2622 lateat
695 2583 748 2621 sus.

220 2645 273 2711 Qui
290 2647 373 2700 sudor
390 2647 470 2701 vietis
487 2650 516 2700 ot
533 2661 615 2714 quarn
629 2643 716 2696 malus
730 2640 853 2710 undique
867 2639 999 2696 membris

254 2721 359 2790 Crescit
377 2721 452 2788 odor,
470 2735 620 2788 eum-pene
636 2717 724 2771 soluto

219 2795 385 2850 Indomitum
402 2799 531 2866 properat
547 2794 651 2848 rabiem
668 2792 781 2856 κώπη
798 2790 943 2858 nequo'illi

251 2870 316 2924 «lam
334 2875 426 2924 manet
442 2869 554 2922 humida
570 2870 647 2921 oreta
664 2867 790 2933 colorque
975 2879 997 2920 ro

217 2943 342 2998 Steroore
359 2945 467 2998 firoatus
483 2941 617 3007 crocodili,
631 2940 747 3006 jamque
764 2937 887 3002 subando

251 3018 339 3072 lenta
356 3017 455 3071 cubilia
472 3018 601 3080 tectaque
619 3013 738 3078 rumpit!

217 3091 269 3146 Vel
287 3108 349 3145 mea
366 3107 428 3144 erun
446 3087 534 3141 saevis
550 3086 638 3152 agitat
653 3083 765 3136 fastidia
781 3082 885 3136 verbis:

161 3218 163 3224 ,
250 3165 363 3219 Inachia
379 3165 492 3230 langues
508 3159 598 3212 minus
614 3173 646 3210 ao
663 3172 708 3209 me
717 3177 725 3220 ;
