2276 3448
156 180 204 236 lle
432 179 519 230 HOR
514 181 585 229 am
601 180 731 231 FLAOCI

157 259 314 316 Pectinibus
331 259 432 328 patulis
445 259 536 347 jactat
552 277 582 314 se
598 260 681 314 molle
697 256 853 315 Tarentum.

157 336 184 391 N
186 353 215 390 cc
233 326 284 388 sibi
302 351 446 389 coenarum
464 335 552 403 quivis
569 339 598 388 te
599 351 674 389 mere
691 335 807 402 adroget
823 339 921 404 artem,
983 353 1008 394 ιι

157 411 219 464 Nou
236 412 312 479 prius
327 427 395 464 orac
399 414 425 464 ta
443 411 520 464 tenui
540 412 646 464 ratione
667 426 799 480 saporum.

157 486 216 541 Nec
234 487 300 540 satis
318 489 361 540 est
378 503 441 539 cara
457 487 545 554 pisces·
562 489 687 539 avertere
705 501 799 539 mensa

157 560 287 631 Ignarum
304 561 402 630 quibus
420 567 463 615 est
475 561 530 628 jus·
540 561 631 628 aptius
649 565 679 616 ct
696 561 796 629 quibus
812 560 882 614 assis

156 637 314 704 Languidus
331 637 360 689 in
378 636 501 690 cubitum
514 635 573 704 jam
591 652 621 689 se
639 637 751 690 conviva
767 641 887 704 reponet

156 709 262 766 Umber
278 715 308 766 ct
324 711 407 778 iligna
423 711 543 765 nutritus
560 710 659 778 glande
677 710 808 764 rotundas
949 759 953 766 ,
982 725 1004 764 ιι

157 787 259 841 Currat
276 803 343 856 aper
360 787 450 839 lances
468 799 577 840 carnem
594 785 706 839 vitantis
723 785 853 851 inertem3

156 862 229 916 Nam
247 862 369 915 Laurens
387 861 474 914 stralus
491 865 541 929 est,
559 860 628 914 ulvis
646 863 676 914 et
693 861 826 914 amandino
842 860 958 930 pinguis

157 933 253 991 Vinea
263 936 400 991 submittit
418 953 529 1004 capreas
546 951 600 988 non
618 951 727 1004 semper
743 936 847 991 edules

80 1073 86 1082 ‚
157 1013 197 1066 F
182 1013 302 1068 coundae
319 1013 419 1080 leporis
437 1013 542 1080 sapiens
560 1011 711 1066 sectabitur
727 1027 823 1066 armos.

157 1089 280 1142 Piscibus
297 1091 381 1156 atquo
399 1087 494 1141 avibus
511 1103 581 1156 quae
597 1091 696 1141 natura
714 1091 743 1142 et
759 1087 831 1141 foret
847 1091 923 1141 aetas
981 1102 1004 1141 ιι

157 1165 232 1220 Ante
249 1181 340 1218 meum
357 1163 425 1216 nulli
441 1163 532 1232 patuit
550 1163 674 1232 quaesita
691 1163 819 1231 palatum.

157 1240 227 1294 Sunt
244 1255 357 1308 quorum
376 1238 513 1305 ingenium
531 1253 601 1292 nova
617 1241 725 1292 tantum
742 1239 861 1292 crustula
878 1237 986 1306 promit

156 1315 336 1404 Nequaquam
353 1313 446 1366 satis
438 1328 467 1366 ιιι
484 1329 515 1366 re
533 1329 588 1366 una
604 1328 765 1368 consumere
781 1331 887 1380 curam,-

156 1390 197 1444 Ut
213 1391 236 1444 si
254 1389 315 1458 quis
332 1388 419 1441 solum
436 1388 487 1442 hac
503 1389 575 1442 mala
591 1405 627 1442 ue
644 1389 701 1443 sint
718 1389 781 1444 vina
796 1389 910 1456 laboret,

157 1464 237 1529 Quali
253 1464 401 1534 perfundat
417 1463 506 1532 pisces
524 1480 635 1518 securus
652 1465 730 1520 olivo.
980 1469 1004 1518 tt

156 1540 273 1594 Massica
290 1539 314 1592 si
331 1539 405 1592 carelo
422 1555 556 1608 suppones
574 1540 637 1593 vina
654 1555 751 1594 sereno

157 1615 298 1669 Nocturna
316 1615 339 1668 si
357 1613 425 1682 quid
441 1615 524 1668 crassi
542 1618 585 1668 ast
602 1615 761 1669 tenuabitur
778 1631 851 1684 aura,

157 1691 195 1745 Et
211 1689 326 1744 decedet
343 1691 411 1743 odor
427 1689 516 1743 nervis
534 1689 672 1755 inimicus}
690 1692 720 1744 at
737 1690 784 1743 illa

158 1765 303 1834 integrum
320 1765 441 1834 perdunt
457 1765 513 1818 lino
530 1765 628 1818 vitiata
645 1781 776 1836 saporem.

148 1841 320 1902 ,Smrentina
336 1841 412 1894 vafer
429 1841 477 1908 qui
493 1840 591 1894 miscet
607 1841 683 1894 faece
702 1840 818 1894 Falerna
981 1854 1005 1894 ιι

158 1917 231 1970 Vina
247 1915 399 1970 columbino
416 1915 511 1968 limum
528 1915 599 1969 bene
617 1916 720 1984 colligit
737 1931 795 1984 ovo,

159 1991 298 2056 Quatenus
315 1990 370 2043 ima
386 1993 434 2058 pet
422 1990 458 2044 tit
475 1991 585 2044 volvens
603 1989 690 2044 aliena
707 1990 824 2044 vitellus.

159 2066 247 2120 'Pastis
264 2069 429 2118 marcentem
448 2066 553 2133 squillis
570 2065 705 2119 recreabis
722 2069 751 2120 et
769 2066 893 2120 Afra

160 2141 212 2194 Pct
200 2145 287 2194 torem
306 2140 427 2204 cochlca;
444 2157 507 2194 nam
524 2141 629 2196 lactuca
646 2142 753 2194 innatat
770 2141 826 2194 acri

160 2216 226 2269 Post
214 2216 379 2269 trinnmt
354 2214 506 2280 stomacho;
522 2231 608 2284 perna
624 2217 710 2286 magis
727 2233 758 2269 ac
775 2216 862 2284 magis
880 2202 953 2268 hillis
982 2231 1005 2270 ac

160 2290 304 2358 Flagitat
296 2305 440 2342 ammorsus
457 2257 547 2356 relici3
565 2291 631 2360 quin
648 2291 739 2344 omnia
756 2292 833 2344 malit

161 2369 342 2436 Quaecunque
358 2365 505 2420 immundis
523 2367 631 2420 fervent
648 2367 713 2420 ellat
701 2371 730 2420 ta
746 2367 861 2435 popinis.

160 2444 211 2497 Est
228 2459 327 2511 operae
344 2442 464 2510 pretium
482 2443 597 2510 duplicis
614 2459 775 2510 pernoscere
788 2442 861 2510 juris

160 2519 301 2573 Naturam.
337 2518 458 2586 Simplex
475 2535 491 2572 e
509 2519 581 2572 dulci
599 2522 706 2571 constat
722 2518 799 2583 olivo,

161 2593 241 2658 Quod
257 2593 352 2661 pingui
369 2593 483 2646 miscere
500 2609 575 2646 mero
592 2593 735 2660 muriaque
752 2592 869 2660 decebit,
981 2621 1005 2660 55

160 2669 187 2722 N
189 2685 223 2721 on
240 2668 293 2721 alia
310 2682 392 2734 quam
409 2683 463 2734 qua
481 2667 584 2735 Byzant
572 2668 611 2720 tia
627 2671 678 2734 put
666 2668 720 2720 tuit
737 2683 807 2722 orca.

161 2743 222 2797 Hoc
238 2742 287 2796 ubi
304 2741 443 2795 confusum
462 2742 542 2794 sectis
559 2742 691 2796 inferbuit
708 2743 802 2798 herbis

161 2809 326 2886 Oorpcioqne
343 2832 421 2870 croco
439 2833 622 2884 sparsume
580 2818 658 2871 stetit
636 2819 795 2887 rt,insupcr
812 2818 898 2872 addes

160 2893 259 2946 Pressa
276 2893 448 2946 Venafranae
465 2893 539 2978 qnod
557 2893 639 2946 bacca
656 2894 763 2948 remisit
780 2894 873 2948 olivae.

160 2966 266 3019 Picenis
284 2967 386 3019 cedunt
402 2967 490 3034 pomis
509 2967 614 3020 Τιιιιιιι
594 2971 633 3020 ιιι
650 2984 744 3032 succo;
873 2989 874 2994 ¹
987 2983 1011 3026 τι

86 3083 89 3089 .
160 3040 232 3094 Nam
249 3041 318 3092 facic
335 3045 483 3108 praestant.
519 3041 660 3094 Venucula
677 3043 805 3097 convenit
822 3043 897 3109 ollis;

161 3113 275 3166 Rectius
294 3114 429 3168 Albanam
447 3117 521 3168 fumo
540 3117 680 3169 duramris
697 3133 786 3171 uvam.

63 3258 64 3262 Ἰ
161 3187 242 3241 Hanc
259 3202 310 3255 ego
328 3203 389 3242 cum
406 3190 490 3254 malis,
507 3207 557 3258 ego
575 3192 678 3244 faecem
696 3191 801 3257 primus
818 3194 848 3246 et
865 3192 942 3262 allec,
