2268 3448
396 180 602 235 CARMINUM
618 181 641 229 Ι.
658 182 682 242 8,
699 182 724 232 9.

513 324 598 377 VIII,
609 355 612 362 =

306 407 406 473 Lunrn,
425 405 475 470 dic,
492 422 542 472 per
559 423 651 459 ornnes

237 483 275 537 Te
293 481 358 535 deos
375 496 429 548 oro,
448 479 562 548 Sybarin
579 497 627 534 cnr
644 496 774 549 properas
791 480 906 535 amuda

306 555 443 620 Perdere;
460 572 509 609 our
526 555 646 622 apricum

237 631 335 686 Oderit
352 647 477 699 campum
493 630 600 698 patiens
616 629 735 698 pulveris
753 633 836 699 atque
854 629 936 684 solisl

305 706 361 760 Our
377 721 466 773 neque
483 705 608 758 militaris
966 718 979 758 s

237 781 316 835 Inter
332 780 460 848 aequales
476 780 590 848 equitat,
609 779 711 833 Gallica
727 795 777 834 nec
795 779 895 848 lupatis

304 856 450 923 Temperat
467 871 515 908 ora
532 854 634 908 frenisl

238 931 293 986 Gur
306 929 386 983 timet
400 929 499 983 flavum
515 929 634 982 Tiberim
647 932 760 998 tangere
769 931 792 984 l.
809 929 865 984 Cur
878 929 978 982 olivum

306 1004 442 1072 Sanguine
459 1003 579 1072 viperino

195 1115 201 1126 ·
237 1080 350 1136 (lautius
367 1080 442 1145 vitat,
460 1096 549 1148 neque
561 1079 622 1146 jam
639 1079 722 1133 livida
737 1082 829 1147 gestat
845 1080 928 1133 armis
957 1095 978 1133 lo

305 1154 421 1208 Brachia
438 1170 519 1222 saepe
537 1153 617 1220 disco,

237 1232 324 1300 Saepe
340 1233 417 1284 trans
435 1229 517 1282 finem
530 1229 622 1296 jaculo
639 1227 737 1282 nobilis
755 1229 902 1298 expeditol

306 1305 379 1369 Quid
396 1305 472 1372 latet,
489 1307 521 1358 ut
538 1304 658 1358 marinae

237 1379 336 1436 Filium
354 1379 449 1434 dicunt
466 1378 590 1432 Thetidis
608 1377 658 1432 sub
676 1377 816 1433 lacrimosa
834 1379 930 1448 Trojae

305 1455 413 1508 Funera
429 1471 465 1507 ne
482 1453 567 1507 virilis
956 1469 978 1510 1⁵

237 1529 333 1586 Cultus
348 1530 376 1583 in
391 1529 502 1584 eaedem
516 1532 545 1583 et
561 1529 657 1598 Lycias
672 1529 825 1599 proriperet
841 1532 977 1585 cateruasl

530 1667 581 1722 IX.

271 1751 359 1804 Vman
375 1753 408 1805 ut
425 1750 481 1804 alta
498 1753 554 1804 stet
571 1750 633 1803 nive
651 1749 799 1806 candidum¹

270 1827 388 1892 Soracte,
407 1842 457 1878 nec
470 1825 529 1893 jam
548 1825 699 1879 sustineant
716 1841 784 1880 onus

297 1901 393 1982 Silvae
410 1901 565 1954 laborantes
581 1900 699 1968 geluque

339 1976 464 2030 Flumina
481 1975 652 2030 constiterint
669 1979 756 2031 acuto.

269 2051 494 2118 Dissolve'frigus
512 2051 585 2118 ligna
603 2067 684 2118 super
701 2051 760 2104 ioco
966 2067 980 2110 s

270 2127 358 2193 Larga
376 2143 516 2194 reponens,
535 2129 618 2201 atque
635 2125 777 2192 benignius

303 2201 441 2270 Deprome
459 2200 631 2270 quadrimum
649 2200 757 2267 Sabina,

338 2277 361 2328 0
381 2277 545 2344 Thaliarche,
564 2293 670 2329 merum
688 2275 771 2331 diota

270 2351 404 2406 Permitte
422 2351 491 2404 divis
508 2355 607 2419 cetera,
624 2351 671 2418 qui
690 2351 768 2404 sinnil

271 2427 397 2491 Stravere
414 2429 509 2480 ventos
526 2443 643 2494 aequore
661 2425 765 2477 fervido
957 2443 978 2482 ιο

305 2500 511 2568 Deproeliantes
528 2516 578 2553 nec
596 2500 715 2566 cupressi

338 2576 364 2628 N
367 2592 397 2628 ec
414 2578 520 2628 veteres
538 2574 675 2642 agitantur
692 2574 757 2630 orni.

272 2650 344 2714 Quid
354 2650 397 2704 'sit
413 2650 536 2704 futurum
553 2666 613 2704 cras
630 2651 694 2718 fuge
711 2667 850 2719 quaerere,
868 2655 897 2707 et

270 2726 357 2790 Quem
376 2725 444 2778 Fors
461 2725 567 2779 dierum
585 2741 690 2794 cunque
708 2725 785 2780 dabit
802 2727 877 2782 lucro

305 2803 429 2868 Appone,
447 2816 496 2854 nec
514 2800 606 2854 diacos
624 2817 729 2853 amores
956 2817 978 2856 rs

339 2877 443 2943 Sperne
459 2891 527 2944 puer
543 2892 633 2944 neque
649 2879 681 2927 tu
699 2875 815 2945 choreas,

271 2949 364 3004 Donec
381 2950 480 3003 virenti
498 2951 608 3002 canities
625 2950 703 3003 abest
799 2963 802 2968 ·

271 3025 386 3080 Morosa.
421 3025 447 3076 N
448 3041 501 3077 unc
518 3029 547 3078 et
563 3041 673 3092 canrpus
691 3027 720 3077 et
737 3039 817 3078 oreae

306 3099 447 3168 Lencsque
465 3098 516 3153 sub
532 3103 639 3152 noctem
658 3099 760 3152 susurri

341 3175 496 3244 Composita
512 3177 671 3244 repetantur
688 3173 771 3238 hora;
953 3187 977 3225 aa
1067 3169 1069 3172 ’
