2276 3448
140 173 186 220 ltl
417 171 571 222 Hoanrfl
587 171 717 220 runem

138 249 199 304 Ant
216 250 280 319 quia
296 266 351 305 non
369 249 455 304 sentis
472 249 546 318 qnod
563 249 663 304 clamen
680 249 782 304 rectius
799 263 867 314 esso,
958 265 984 304 us

139 325 198 377 Aut
215 326 280 393 quia
296 343 351 379 non
368 325 462 379 firmus
479 329 584 378 rectum
603 323 734 390 defendis,
752 327 782 377 et
798 323 895 377 haeres

138 397 166 451 N
167 400 328 469 equicquam
345 417 428 455 coeno
445 399 558 469 cupiens
576 398 692 452 evellere
709 399 839 465 plantam.

139 471 243 529 Romae
260 492 307 529 rus
325 479 410 544 optas,
428 473 568 530 absentem
585 473 703 526 misticus
720 472 817 525 auem
854 513 857 520 ,

140 547 221 601 Tenis
239 551 275 604 ad
293 553 368 604 astra
385 549 459 604 levis
494 548 523 601 Si
541 563 673 615 nusquam
691 563 720 600 es
741 547 809 600 sorte
826 552 937 600 temtus

90 625 93 632 '
140 622 188 674 Ad
205 621 316 677 eoena'm
333 625 428 678 laudas
441 639 565 688 securum
583 624 699 700 elusae,
717 621 924 696 i·clut,usqua1n
959 634 982 674 ro

139 695 256 752 Vinctus
273 716 326 766 eas,
344 698 384 752 ita
400 702 430 752 te
446 698 554 752 felicem
572 697 640 750 dicis
656 712 786 764 amesque

140 770 219 834 Quod
236 765 370 842 nusquam
387 773 440 826 tibi
458 773 495 826 sit
511 772 669 841 potandum.
703 770 825 824 iusserit
841 771 878 824 ad
895 787 925 822 sc

139 845 285 900 Maecenas
302 865 393 902 serum
411 846 462 902 sub
479 847 582 900 lumina
597 847 686 914 prima
702 846 817 900 venire·

139 920 300 977 Convivam:
319 923 438 978 ‘Ncmon
456 922 545 976 oleum
561 921 617 975 fert
634 921 724 976 eeiust
744 921 846 990 Ecquis

141 994 229 1048 Audit
238 996 255 1049 t'
274 1013 336 1050 curn
353 1013 452 1066 magno
468 996 588 1050 blateras
605 996 722 1050 clamore
738 995 870 1064 iugisque.
930 1043 934 1052 .
959 1009 984 1050 ae

140 1069 259 1135 Mulvius
276 1075 306 1126 et
323 1089 432 1126 scurrae
449 1071 501 1126 tibi
518 1087 578 1124 non·
589 1071 732 1127 referenda
748 1071 852 1141 precati

140 1143 299 1200 Discedunt.
335 1147 444 1200 Etenim
461 1147 549 1200 fateor
566 1162 618 1214 mc,
636 1143 739 1200 disent
758 1146 817 1213 ille,-

140 1218 211 1272 Duei
228 1225 323 1274 ventre
341 1221 437 1287 leuem,
455 1237 552 1274 nasum
567 1221 663 1274 nidore
680 1221 797 1289 supinor,

142 1293 304 1360 Imbecillus,
321 1295 402 1360 iners,
420 1296 443 1348 si
461 1295 528 1362 quid
545 1295 586 1348 vis
603 1295 675 1350 adde
692 1295 799 1364 popino.

141 1366 189 1433 Tu,
207 1377 274 1420 eum¹
286 1369 324 1420 sis
341 1368 414 1436 quod
431 1385 482 1436 ego
499 1373 529 1422 ct
545 1370 669 1424 fortassis
685 1370 807 1437 nequior,
825 1369 898 1422 ultro
959 1381 988 1423 so·

142 1441 282 1495 Insectere
300 1443 375 1496 velut
392 1443 488 1496 melior
505 1443 650 1512 verbisque
668 1444 773 1497 decoris

142 1515 277 1584 Obuolras
294 1517 407 1571 vitiumt
444 1517 524 1584 Quid,
543 1518 566 1571 si
583 1535 628 1572 me
646 1519 754 1572 stultior
772 1520 831 1587 ipso

142 1591 304 1658 Quingentis
321 1597 413 1660 empto
431 1592 568 1646 drachmis
585 1592 778 1660 deprenderis:
816 1592 903 1646 Aufer

141 1664 189 1720 Mc
206 1666 284 1720 vultu
301 1671 421 1734 terrere;
440 1684 549 1722 manum
566 1667 788 1735 stomachumque
806 1671 907 1734 teneto,

142 1739 215 1794 Dum
234 1758 304 1810 quae
323 1742 442 1811 Crispini
460 1743 553 1796 docuit
569 1759 614 1796 mc
626 1742 732 1810 janitor
749 1742 809 1796 edo.
961 1755 983 1795 u

142 1815 181 1868 'Fe
199 1817 297 1884 conjux
315 1817 403 1870 aliena
421 1817 500 1884 eupit,
519 1817 693 1872 meretricula
711 1816 829 1869 Davum:

144 1889 243 1943 Peceat
260 1896 324 1944 uter
341 1895 465 1944 nostrum
485 1909 564 1944 eruce
583 1891 708 1958 dignius?
744 1891 825 1944 Acris
842 1889 889 1942 ubi
906 1905 950 1943 me

143 1965 251 2018 Natura
269 1966 395 2031 intendit,
415 1965 465 2019 sub
484 1966 558 2020 clara
575 1967 650 2019 nuda
666 1965 776 2019 lucerna
856 2021 862 2030 ,

145 2040 326 2108 Quaecunque
344 2040 452 2106 excepit
469 2041 606 2107 turgentis
625 2040 740 2094 uerbera
757 2039 866 2106 caudae,

7 2159 8 2166 ,
71 2123 77 2134 ‘
144 2112 275 2166 Clunibus
293 2117 341 2168 aut
362 2114 477 2182 agitavit
497 2130 597 2182 equum
615 2114 715 2180 lasciva
733 2116 890 2182 supinum,‘
961 2127 987 2168 ta

7 2179 8 2190 ¹
144 2187 268 2242 Dimittit
285 2204 374 2255 neque
392 2189 523 2242 famosum
542 2205 632 2256 neque
653 2188 796 2242 sollicitum
814 2204 849 2240 ne

144 2261 236 2316 Ditior
255 2265 303 2316 aut
320 2262 423 2320 formae
441 2263 561 2316 melioris
579 2263 663 2320 meiat
682 2264 786 2317 eodem.

145 2335 186 2390 'lu
203 2352 265 2390 cum
283 2337 413 2406 proJectis
432 2338 589 2406 insignibus,
609 2338 707 2391 annulo
726 2337 848 2405 equestri

145 2410 321 2480 Romanoque
338 2412 440 2479 habitu,
459 2413 553 2485 prodis
573 2430 608 2466 ex
622 2413 717 2480 judice
736 2412 823 2464 Dama

144 2485 249 2554 Turpis,
268 2487 411 2542 odoratum
430 2492 512 2555 caput
531 2487 693 2542 obscurante
712 2485 826 2551 lacerna,

144 2560 208 2614 Non
226 2577 256 2614 es
277 2562 351 2630 qnod
370 2562 497 2616 simulusl
533 2562 661 2616 Metuens
678 2561 814 2614 induceris
834 2563 917 2629 utque

146 2633 303 2686 Altcrcante
322 2634 480 2688 libidinibus
498 2636 592 2688 tremis
611 2651 671 2689 ossa
689 2653 795 2704 pavore.

146 2707 219 2770 Quid
236 2708 322 2761 refert
339 2709 389 2777 uri,
409 2709 492 2775 virgis
512 2709 638 2778 ferroque
656 2711 746 2763 necari

146 2783 313 2835 Auctoratus
331 2799 385 2847 eas,
404 2799 439 2836 an
459 2783 535 2851 turpi
553 2783 705 2837 clausus-in
725 2797 794 2850 arca,

112 2879 115 2884 ·
147 2853 206 2916 Quo
224 2856 253 2906 te
272 2854 382 2908 demisit
400 2856 505 2922 peccati
525 2856 630 2910 conseia
647 2857 748 2923 herilis,
963 2879 986 2918 eo

146 2927 323 2980 contractum
340 2930 454 2995 genibus
472 2933 569 2996 tangas
587 2933 685 2999 eaput?
705 2932 791 2986 Estne
809 2932 906 2988 marite

146 2998 288 3052 Matronae
307 3004 443 3068 peccantis
461 3004 489 3056 in
507 3004 586 3058 ambe
598 3005 675 3072 justa
692 3009 832 3075 potestasl

148 3072 182 3124 In
199 3082 383 3141 corruptorem
399 3078 443 3130 vel
456 3078 565 3142 ,imtion
600 3080 652 3132 Illa
668 3086 759 3134 tamen
777 3097 808 3134 se

147 3144 209 3197 Non
227 3146 321 3200 habitu
338 3154 459 3204 mutatve
476 3152 541 3220 loeo,
558 3161 685 3220 peccatve
703 3171 827 3223 superne
