2276 3448
379 175 668 237 nersronnaumr.
683 189 721 237 19.
938 189 983 236 raa

135 263 258 334 Occupat
276 262 383 318 obscuri
401 265 526 334 speeiem,
543 266 696 320 taciturnus
713 266 810 324 acerbi
963 271 987 312 ⁹⁵

125 339 215 394 *Inter
232 343 330 394 cuncta
346 340 421 407 leges
438 345 468 394 et
485 340 680 409 percontabere
698 342 799 408 doctos,

136 415 197 477 Qua
213 415 319 468 ratione
337 431 421 483 queas
438 416 583 470 traducere
597 417 700 469 leniter
718 433 828 482 aevum;

136 489 162 543 N
164 506 210 542 um
228 493 258 544 te
275 505 383 558 semper
400 491 479 559 inops
496 491 583 559 agitet
601 496 736 561 vexetque
753 491 860 560 cupido,

136 565 162 618 N
164 581 211 618 um
228 581 313 634 pavor
329 568 360 619 et
376 581 468 620 rerum
485 565 661 636 mediocriter
677 567 786 620 utilium
804 583 880 635 spes3

137 639 278 694 Virtutem
296 639 420 693 doctrina
437 645 523 709 paret,
542 645 675 696 naturane
693 641 793 707 donet;
956 657 987 696 mc

136 714 211 778 Quid
228 711 333 768 minuat
350 728 435 781 curas,
454 717 521 785 qnid
537 720 567 772 te
583 717 635 772 tibi
652 717 753 772 reddet
770 717 897 784 amicum,

136 788 210 853 Quid
226 805 296 858 pure
312 791 479 859 tranquillet,
496 791 580 846 honos
597 803 632 846 an
650 793 729 846 dulce
746 792 881 859 lucellum,

68 917 72 926 Δ
137 867 183 918 An
201 867 336 918 secretum
352 864 407 918 iter
424 869 453 919 et
470 866 590 930 fallentis
607 869 705 922 semita
722 867 802 926 vitae,

137 939 184 992 lle
201 941 309 1008 quoties
326 940 415 994 reficit
431 941 538 1008 gelidus
556 942 685 1010 Digentia
702 943 784 1010 durs,

137 1013 225 1078 Quem
244 1013 373 1068 Mandela
389 1015 467 1084 bibit,
484 1033 599 1084 rugosus
616 1018 716 1086 frigore
733 1033 826 1086 pagos,
952 1030 986 1071 raa

136 1089 211 1152 Quid
229 1091 330 1144 sentire
347 1093 447 1159 putasi
472 1091 539 1161 qnid
556 1093 652 1160 credis,
670 1093 764 1162 amice,
781 1091 908 1161 precarii

137 1164 181 1218 Sit
198 1165 265 1220 mihi
282 1166 356 1234 qnod
373 1183 444 1220 nune
462 1163 512 1233 e'st,
530 1168 613 1221 etiam
629 1168 733 1233 minus;
750 1170 779 1222 et
796 1168 862 1220 mihi
880 1167 968 1220 viram

137 1239 218 1304 Quod
235 1245 361 1309 superest
377 1241 446 1309 aeri,
464 1242 487 1296 si
504 1243 572 1310 quid
590 1259 730 1312 superesse
748 1243 843 1316 volunt
860 1241 903 1308 di;

136 1315 181 1368 Sit
198 1314 269 1368 bone
285 1315 415 1386 librorum
433 1320 463 1371 et
479 1318 602 1386 provisae
619 1319 705 1386 frugis
722 1319 752 1376 in
770 1335 871 1372 annum

137 1385 230 1458 Copia,
248 1407 301 1444 nen
318 1391 423 1445 fluitem
440 1391 540 1446 dubiae
557 1409 606 1462 spe
617 1395 758 1464 'pendulus
775 1395 864 1448 horae.
939 1407 986 1448 am

136 1464 194 1518 Sed
211 1465 277 1518 satis
295 1469 338 1520 est
355 1471 437 1521 o'rere'
450 1467 470 1520 J
472 1483 548 1521 ovem
566 1485 637 1536 quea
655 1470 739 1524 donat
757 1473 787 1524 et
797 1469 906 1522 aufert:

137 1539 195 1594 Det
211 1541 303 1611 vitem,
319 1541 368 1596 det
385 1557 458 1612 opes,
475 1545 592 1613 aequum
609 1544 647 1598 mi
664 1544 784 1599 animum
801 1544 860 1613 ipse
876 1541 985 1617 parabo.

138 1765 240 1819 Perseo
259 1764 281 1816 si
300 1765 397 1830 credis,
416 1765 560 1819 Maecenas
578 1766 667 1834 docte,
684 1767 803 1835 Cratino,
886 1789 889 1795 ·

138 1839 222 1893 Nulla
238 1839 345 1908 placere
362 1839 411 1892 din
428 1857 478 1894 nec
495 1841 587 1895 vivere
604 1843 724 1894 earmina
740 1845 854 1910 possunt

137 1915 215 1980 Quae
233 1914 389 1986 scribuntur
406 1931 493 1983 aquae
510 1915 658 1985 potoribus.
691 1917 732 1970 Ut
748 1917 819 1970 male
836 1933 914 1971 sartos

139 1989 295 2058 Adscripsit
313 1989 396 2043 Liber
414 1990 519 2058 Satyris
538 1991 692 2062 Faunisque
709 1995 804 2060 poitas

138 2064 286 2119 vinetore
304 2064 397 2119 dulces
414 2065 541 2120 olu'emmt
557 2083 636 2121 mene
654 2067 795 2122 (lamense.
963 2094 975 2134 5

139 2139 279 2194 Laudibus
297 2140 422 2208 arguitur
438 2141 494 2194 vini
510 2143 620 2196 vinosus
638 2143 788 2208 Homerus3

138 2211 243 2268 Ennius
260 2215 319 2284 ipse
335 2219 416 2284 peter
433 2219 639 2286 nunquamvnisi
656 2221 737 2286 potus
754 2217 790 2270 ad
806 2233 881 2272 arma

139 2290 270 2344 Prosiluit
287 2290 410 2345 dicenda
446 2291 569 2346 “Fctum
587 2293 734 2361 putealqno
752 2292 864 2345 Libonis

138 2365 277 2420 Mandabo
295 2366 379 2432 siccis,
398 2365 516 2419 adimam
532 2371 643 2420 eantare
661 2365 791 2418 severis:”

139 2441 202 2496 Hoc
219 2441 300 2494 simul
318 2441 391 2494 edixi
408 2457 463 2493 non
480 2457 619 2494 cessavere
636 2444 733 2509 poetae

138 2515 166 2569 N
167 2519 281 2570 octtnno
298 2519 405 2570 certare
421 2531 504 2584 mero,
522 2518 618 2584 putere
637 2513 741 2568 dimne.

137 2591 221 2658 Quid,
238 2591 264 2644 si
280 2591 342 2659 quis
359 2591 437 2644 vultu
454 2595 532 2644 torto
548 2590 623 2644 ferus
640 2593 669 2644 et
685 2588 757 2658 pede
773 2589 848 2643 nndo
896 2580 906 2602 ⁸

139 2665 318 2734 Exiguaeque
335 2669 416 2734 togae
434 2666 543 2720 simulet
560 2668 668 2720 textore
686 2665 825 2730 Catonem,

139 2739 317 2795 virtutemne
335 2745 523 2809 repraesentet
530 2757 683 2830 ,moresque
703 2740 829 2793 aaronis!

140 2816 228 2890 liupit
247 2817 381 2870 Iarbitam
399 2817 553 2884 Timagenis
571 2815 677 2870 aemula
694 2815 793 2882 lingua,
966 2824 986 2863 ιε

140 2891 214 2944 Dum
232 2891 327 2946 studet
344 2891 464 2945 urbanus
481 2892 626 2960 tenditque
644 2889 764 2944 disertus
781 2889 881 2942 haberi

140 2966 251 3034 Decipit
266 2967 405 3034 exemplar
422 2966 495 3020 vitiis
512 2966 660 3032 imitabile;
678 2965 776 3034 quodsi

141 3040 277 3097 l'allerenr
294 3057 358 3095 casu
375 3040 502 3095 biberent
519 3057 656 3109 exsangue
673 3040 814 3094 cuminum
844 3064 845 3067 ¹
967 3064 981 3094 ο

138 3115 164 3168 0
183 3115 343 3185 imitatores,
361 3131 469 3170 servum
486 3133 576 3186 pecus,
594 3121 626 3170 ut
643 3114 710 3170 mihi
727 3129 808 3182 saepe

139 3189 239 3259 bilem,
256 3207 338 3260 saepe
350 3190 445 3260 jesum
462 3191 547 3245 vestri
564 3207 673 3244 movere
690 3189 848 3244 tumultus!¹¹
964 3191 986 3228 2⁰
