2288 3444
423 172 577 226 nouam
594 176 725 228 uunccl

518 320 627 378 XXVI.

284 401 353 456 V1x1
369 401 468 469 puellis
484 419 574 472 nuper
589 404 705 460 idoneus

284 475 322 530 Ilt
338 474 452 531 militari
469 493 523 530 non
541 479 600 532 siue
618 480 723 546 gloria3

317 551 344 604 N
346 568 398 604 uuo
415 567 492 605 arma
507 551 722 621 damnatumque
739 552 815 608 bellu

353 625 486 680 Barbiton
503 625 548 680 hie
563 627 656 695 paries
673 627 795 694 habeba,

283 699 404 754 Laevum
421 701 542 756 marinae
560 702 608 770 qui
625 701 744 757 Veneris
759 704 835 758 latus

285 775 420 830 cusam.
455 775 510 832 Hie
526 775 571 831 hia
587 777 682 846 penite
698 777 788 832 lueida

318 849 433 904 Fuualis
449 854 478 906 at
494 855 586 906 vestes
603 855 633 906 et
648 869 729 906 araus

352 924 491 994 Opposids
506 926 611 980 loribus
627 927 753 982 minaces.

284 999 308 1054 0
327 1017 399 1070 quse
415 1001 525 1056 beatam
542 1001 607 1056 diva
623 1005 704 1056 tenes
722 1003 841 1071 Cyprum
858 1006 888 1056 et

282 1075 425 1145 Memphin
441 1079 579 1130 carentem
597 1076 722 1132 Sithonia
736 1079 807 1146 nive,

316 1150 428 1219 Regiae,
446 1151 555 1208 sublimi
572 1151 681 1220 flagello

351 1226 443 1294 Tange
460 1227 563 1282 Ohlain
581 1228 665 1282 semel
682 1231 864 1296 arrogantem

502 1361 628 1418 XXVII.

281 1441 380 1498 Iunios
397 1457 494 1510 parrae
511 1443 660 1498 recinentis
677 1461 757 1500 omen

280 1517 371 1572 Dumt
387 1521 418 1572 et
433 1535 584 1587 praegnans
601 1520 675 1572 canis
692 1525 741 1576 aut
757 1521 793 1574 ab
810 1537 877 1590 agro

281 1593 358 1648 Rara
375 1591 522 1651 decurrens
538 1593 603 1662 lupa
619 1593 761 1648 Lanuvino
797 1605 802 1616 ·

314 1669 436 1739 Fataque
452 1669 555 1739 vulpes.

279 1743 400 1814 Rumpat
417 1748 447 1799 et
462 1761 575 1813 serpeus
591 1745 647 1800 iter
663 1745 820 1800 iustitutum

279 1819 308 1872 Si
325 1835 377 1887 per
392 1819 531 1888 obliquum
548 1821 647 1874 similis
662 1821 780 1888 sagittae

259 1891 261 1896 ’
279 1893 389 1947 Terruit
405 1911 532 1950 mannos:
549 1911 602 1963 ego
617 1896 661 1950 ersi
677 1895 784 1950 timebo

312 1967 447 2022 Providus
461 1985 571 2038 auspex,

208 2086 213 2096 .
277 2044 435 2112 Antequam
452 2047 557 2100 stantes
574 2049 683 2114 repetat
699 2019 815 2115 paludes
870 2049 871 2054 ’
889 2082 892 2089 -

277 2117 412 2172 Imbrium
429 2117 521 2174 divina
537 2120 595 2174 avis
611 2121 809 2188 imminentum,

276 2192 403 2248 OseInem
420 2211 529 2248 cerrum
546 2211 628 2262 prece
643 2195 782 2251 suscitabo
825 2257 827 2262 ¹

311 2267 381 2323 Sulis
397 2269 433 2322 ab
450 2274 520 2324 ortu
806 2285 808 2290 “

275 2343 318 2398 SIs
334 2343 400 2398 lieet
415 2344 482 2400 ielis
498 2344 653 2416 abluunque
669 2346 764 2415 mavis,

275 2418 313 2473 Et
329 2435 436 2474 memor
450 2420 544 2489 nestri,
564 2421 686 2490 Galatea,
703 2422 786 2490 vires,

272 2493 368 2563 'leque
384 2511 435 2550 nee
452 2495 545 2550 laevus
562 2499 639 2550 vetet
655 2497 697 2552 lre
713 2497 793 2565 picus

301 2569 328 2622 N
330 2586 361 2623 ec
377 2586 446 2638 vaga
463 2571 563 2624 corais.

274 2643 331 2697 Sed
347 2645 424 2698 vides
441 2648 543 2713 quanto
559 2646 682 2714 trepidet
698 2647 818 2701 tumultu

275 2719 381 2771 Pronus
398 2718 489 2772 Orion.
524 2719 583 2786 Ego
601 2721 669 2788 quid
686 2721 723 2775 sit
739 2727 801 2776 ater

275 2791 398 2846 Hadriae
416 2793 479 2846 novi
498 2792 574 2845 sinus
591 2799 620 2847 et
638 2796 705 2862 quid
723 2797 803 2849 albus

308 2867 407 2920 Peueat
425 2867 518 2934 Iapyx.

277 2939 406 2993 Hostium
423 2957 524 2994 uxeres
538 2941 672 3011 puerique
688 2960 783 2998 maces

276 3013 402 3068 Sentiant
418 3018 509 3067 motus
526 3013 639 3068 omentis
657 3017 754 3070 Austri
772 3021 803 3072 et

275 3088 411 3153 Aequoris
428 3087 500 3154 nigri
516 3087 656 3142 fremitum
674 3094 703 3144 et
720 3094 872 3149 trementes

309 3159 432 3214 Verbere
449 3162 530 3228 ripas
