2276 3448
150 171 196 218 let>
393 164 409 206 ·'
422 167 575 219 Hortum
591 169 721 219 FLACCI

148 249 253 318 Virtus,
270 247 381 318 indigno
398 265 452 303 uon
470 249 664 303 committenda
680 251 785 318 potitae.

147 324 249 379 Gratus
268 323 426 378 Alexandro
444 324 505 392 regi
522 325 622 391 Magno
640 324 694 379 fuit
710 325 757 379 ilio

148 399 296 467 Choerilus,
312 398 422 453 incultis
440 399 488 466 qui
505 398 628 452 versibus
646 403 675 453 et
692 400 763 454 male
780 403 853 456 natis

148 473 267 528 Rettulit
284 478 416 541 acceptos,
435 474 527 542 regale
543 475 682 542 nomismn,
701 474 863 544 Philippca.

148 549 203 602 Sed
220 549 304 604 veluti
322 552 550 604 traettta‘notam
567 547 712 618 labemque
729 551 875 605 remittunt
956 567 991 605 ιιι

39 647 42 654 ·
148 625 319 692 Atramenti,
337 624 396 678 iere
414 623 561 692 scriptores
578 624 697 678 carmine
714 625 795 679 foedo

147 699 297 768 Splendida
313 700 385 753 iacta
401 699 497 754 linunt
521 698 680 767 31dem'rex
696 699 743 753 ille
760 705 858 768 poema

148 773 200 838 Qui
217 778 275 828 tam
291 774 436 828 ridiculum
454 777 511 828 tam
528 789 592 828 cere
608 774 739 844 prodigus
756 776 830 843 emit,

147 849 245 904 Edicto
261 849 350 904 vetuit
366 866 402 903 ne
420 849 528 918 quisse
546 852 656 917 praeter
675 848 791 917 Apellen
984 895 989 906 .

148 924 285 993 Pingeret,
303 927 352 978 aut
369 924 439 978 adius
457 923 576 992 Itysippo
594 923 709 978 duceret
725 939 790 978 aera
960 941 996 979 ιιι

148 999 241 1054 Fortis
258 997 410 1061 Alexandri
427 998 532 1053 vultum
551 999 711 1052 simulantia.
748 999 850 1064 Quodsi

146 1074 166 1126 J
168 1075 289 1128 udicium
306 1073 409 1128 subtile
425 1073 551 1128 ridendis
568 1073 673 1127 artibus
690 1073 759 1126 illud

129 1203 131 1208 ,
147 1150 195 1204 Ad
212 1150 296 1203 libros
313 1153 343 1203 at
361 1148 397 1202 ad
414 1149 482 1203 hoec
500 1149 641 1202 Musarum
659 1148 729 1202 done
746 1165 861 1217 vocares,

147 1224 281 1279 Boeotum
297 1225 327 1278 in
344 1239 435 1278 crasso
448 1223 558 1292 jurares
576 1228 639 1278 aere
656 1227 758 1278 uatum,

147 1301 189 1354 'At
205 1317 294 1369 neque
312 1299 478 1354 dedecorant
494 1303 544 1352 tua
561 1298 599 1351 de
614 1313 645 1352 se
658 1297 764 1366 judicie
781 1303 864 1367 utrque
960 1314 995 1353 ιιι

147 1374 276 1440 Munera.
287 1391 357 1442 quae
374 1375 461 1428 multa
478 1373 569 1428 dantis
586 1389 648 1427 uum
665 1373 747 1428 laude
765 1374 888 1428 tulerunt

147 1449 248 1504 Dilecti
264 1449 316 1502 tibi
335 1447 467 1516 Virgilius
485 1449 639 1517 Variusque
651 1453 762 1518 poetam

147 1525 173 1579 N
175 1541 207 1579 ec
223 1525 311 1592 magis
328 1519 557 1592 expressivultus
573 1539 624 1592 per
641 1529 726 1578 uinea
743 1525 828 1593 signa,
874 1557 880 1562 -

148 1600 236 1664 Quam
254 1617 306 1670 per
323 1599 394 1652 vatis
410 1615 478 1668 opus
495 1615 584 1652 meres
601 1599 738 1669 animique
755 1601 873 1654 virorum
900 1633 905 1638 -

148 1671 446 1744 Olar·orum·appareut
482 1673 507 1728 N
510 1691 540 1730 ec
557 1689 695 1728 sermones
713 1691 763 1744 ego
780 1675 922 1730 mallem
945 1691 994 1729 ste

148 1751 288 1820 Repentes
304 1766 355 1819 per
372 1750 484 1804 humum
501 1765 583 1818 quam
600 1766 646 1804 res
663 1767 825 1820 componere
842 1754 940 1819 gestau,

147 1827 347 1894 'feriarumque
364 1826 433 1879 situs
450 1829 480 1879 et
497 1825 609 1878 flumina
626 1825 724 1894 dicere,
743 1830 773 1880 et
789 1843 865 1880 arces

147 1897 288 1956 Montibus
305 1901 452 1970 impositas.
471 1903 500 1954 et
517 1900 635 1954 barbam
652 1917 742 1969 regna,
760 1887 869 1970 tuisque
930 1933 934 1940 =
957 1931 960 1938 ·

148 1977 286 2047 Auspiciis
303 1980 391 2032 totum
409 1976 532 2030 coniecta
548 1975 640 2030 duella
656 1993 707 2046 per
723 1976 825 2044 orbem,

148 2053 327 2120 claustraque
344 2050 576 2118 custodem-pacis
593 2051 746 2106 cohibentia
763 2052 782 2105 J
784 2069 871 2121 unum,
958 2068 994 2108 ste

148 2129 185 2184 lit
201 2127 375 2182 formidatam
394 2125 503 2178 Parthis
520 2128 550 2179 te
567 2126 691 2196 principe
709 2127 832 2193 Romam,

148 2205 177 2259 Si
189 2206 320 2272 quantum
332 2213 458 2269 cuperem
470 2212 576 2268 possem
588 2217 710 2270 quoque;
722 2202 771 2255 sed
782 2219 869 2272 neque
880 2219 995 2272 parrum

148 2279 265 2332 Carmen
282 2274 411 2352 majestas
428 2275 526 2344 recipit
543 2278 591 2329 tue
608 2292 659 2330 uec
676 2293 753 2331 meus
770 2277 853 2332 nudet

148 2353 219 2408 Item
235 2353 344 2406 tentere
360 2343 449 2420 pudor
467 2367 549 2419 quam
566 2351 638 2405 vires
654 2351 728 2406 ferre
745 2355 879 2408 recusarit

147 2427 285 2482 §edulitas
302 2429 395 2480 autem
412 2425 497 2480 stulte
514 2441 596 2513 quem
614 2425 705 2494 diligit
721 2432 810 2496 urget,
950 2445 996 2484 ece

148 2501 296 2573 Praecipue
313 2518 375 2556 cum
393 2517 423 2555 se
440 2502 560 2554 numeris
577 2502 750 2557 commendat
768 2509 796 2558 et
814 2507 886 2559 arte:

148 2579 236 2633 Discit
253 2579 326 2632 enim
342 2576 424 2631 citius
440 2576 620 2644 meminitque
636 2577 766 2631 libentius
783 2579 852 2632 illud

148 2653 229 2718 Quod
246 2652 308 2722 quis
326 2648 444 2717 deridet,
460 2666 541 2719 quarn
559 2651 633 2718 quod
650 2651 748 2719 prebat
765 2657 795 2706 et
811 2658 965 2709 veneratur.

148 2729 195 2782 Nil
212 2743 303 2781 moror
319 2726 435 2780 officium
453 2725 527 2794 quod
544 2741 589 2778 me
606 2730 710 2793 gravat,
718 2729 760 2781 'ac
777 2743 868 2810 neque
885 2729 950 2784 ficto

148 2803 183 2856 Iu
199 2801 280 2872 pejus
296 2801 385 2856 vultu
392 2799 505 2869 proponi
522 2800 617 2854 cereus
634 2817 757 2870 usquam,
966 2807 1002 2848 ecc

148 2877 174 2930 N
176 2893 208 2930 ee
224 2892 309 2945 prave
327 2873 407 2928 fectis
425 2874 548 2928 decorari
565 2875 698 2943 versibus
706 2881 777 2946 opto,

148 2951 175 3004 N
177 2967 192 3005 e
208 2950 320 3004 rubeam
337 2949 432 3018 pingui
451 2949 567 3002 donatus
584 2967 705 3018 munere,
724 2956 753 3007 et
769 2969 848 3008 una

149 3025 218 3078 (ium
236 3025 367 3092 scriptore
384 3041 452 3092 meo,
469 3041 551 3092 capsa
567 3030 707 3093 porrectus
725 3033 828 3096 aperta,

148 3097 266 3152 Deierar
283 3099 312 3150 in
329 3099 418 3152 vicum
435 3099 598 3154 vendentem
615 3101 679 3154 thus
696 3105 726 3156 ot
742 3103 841 3158 oderes

149 3172 187 3226 Et
202 3172 281 3238 piper
298 3173 327 3224 et
344 3173 479 3239 quidquid
496 3173 597 3226 chartis
616 3174 742 3229 amicitur
758 3177 867 3247 ineptis.
964 3195 1001 3234 ιι
