2276 3448
144 188 189 237 les
417 185 570 236 HORATII
587 187 715 238 FLACGI

141 264 277 320 Orbilium
295 262 417 330 dietam
441 266 490 320 sed
508 267 654 322 emendata
670 266 757 321 rideri

141 339 313 408 Pulchraque
330 342 360 392 et
376 341 479 395 exactis
497 342 639 396 minimum
656 339 788 396 distantia
804 341 905 408 mirem

141 414 221 470 Inter
238 430 309 483 quae
325 413 439 469 verbum
456 417 568 471 emicuit
585 417 608 470 si
625 417 697 470 forte
714 413 852 485 decorum,
870 420 900 471 et

140 489 170 544 Si
185 505 279 545 versus
296 489 378 557 paulo
395 491 549 546 concinnior
565 507 635 545 unus
653 494 683 545 et
699 490 776 558 alter,

140 564 248 634 Injuste
264 568 354 619 totum
372 565 448 620 ducit
465 566 613 635 venditque
630 571 735 634 poema.
889 593 891 596 ·
963 580 988 619 rs

140 639 272 708 Indignor
289 639 438 709 quidquam
456 641 627 710 reprehendi,
644 657 697 694 nou
715 640 780 709 quis
796 656 886 700 erasse

140 715 325 785 Compositum
342 715 486 783 illepideve
503 719 624 784 putetur,
642 714 693 769 sed
710 715 774 784 quia
790 731 895 783 nuper3

139 789 198 844 Nee
214 791 321 845 reniam
338 791 458 858 antiquis
475 791 526 844 sed
541 791 670 844 honorem
688 794 718 844 ct
733 791 855 859 praemia
870 791 952 859 posci.
1003 777 1018 802 ’

139 865 227 919 Recte
243 882 329 920 necne
347 881 455 920 crocum
472 866 606 935 floresque
624 864 796 933 perambulet
814 866 900 920 Attae

139 939 244 995 Fabula
261 941 284 994 si
302 939 434 1008 dubitem
451 940 570 994 clament
586 941 701 1009 periisse
718 940 851 1008 pudorem
958 959 983 995 se

139 1015 236 1071 Cuncti
253 1033 340 1086 paene
357 1025 457 1084 patros,
475 1031 508 1070 ea
524 1031 586 1070 eum
603 1014 805 1083 reprehendere
822 1030 903 1068 coner

139 1091 216 1156 Quae
232 1091 323 1160 gravis
341 1091 474 1160 Aesopus,
493 1107 563 1160 quae
581 1090 677 1144 doctus
696 1089 810 1142 Roscius
827 1089 899 1158 egit:

138 1167 192 1223 Vel
210 1167 275 1236 quia
291 1166 330 1220 nil
348 1170 452 1219 rectum
470 1166 523 1219 nisi
540 1165 615 1234 quod
632 1164 735 1234 placuit
752 1163 804 1217 sibi
823 1164 934 1233 ducunt,

138 1241 191 1295 Vel
209 1242 274 1311 quia
290 1245 372 1308 turpe
388 1244 488 1308 putant
504 1238 775 1310 pareremiuoribus,
792 1241 823 1292 et
840 1255 910 1307 quae

139 1316 282 1370 Imberbes
297 1316 418 1368 didicere
436 1331 515 1368 senes
531 1315 674 1384 perdenda
690 1314 781 1368 fateri.
915 1347 918 1352 ·
956 1329 981 1368 ss

138 1391 157 1443 J
159 1408 203 1445 am
221 1391 323 1446 Saliare
340 1390 447 1444 Numae
464 1405 573 1444 carmen
590 1390 637 1458 qui
654 1389 756 1456 laudat,
775 1391 805 1442 et
820 1387 890 1442 illud
948 1409 953 1420 ⁴

139 1466 218 1532 Quod
235 1481 342 1519 mecum
358 1465 467 1531 ignorat
484 1465 557 1518 solus
574 1464 634 1518 vult
651 1464 721 1518 seire
737 1463 831 1529 videri,

139 1541 259 1609 ingeniis
276 1557 330 1594 uon
347 1540 393 1593 ille
410 1540 484 1594 leret
500 1539 661 1608 plauditque
679 1537 800 1606 sepultis,

137 1615 240 1671 Nostra
257 1616 306 1670 scd
323 1615 471 1682 impugnat,
489 1630 539 1668 uos
555 1618 707 1682 nostraque,
719 1613 818 1666 lividus
834 1613 899 1668 odit

42 1691 47 1702 '
139 1692 218 1755 Quod
235 1691 258 1745 si
275 1695 332 1744 tam
350 1689 462 1744 Graecis
479 1689 687 1752 novitasjinvisa
703 1688 801 1742 fuisset
955 1705 980 1743 eo

138 1767 225 1830 Quam
241 1765 326 1832 uobis,
339 1764 407 1834 quid
422 1781 493 1818 nuuc
508 1768 581 1818 esset
596 1765 691 1818 vetusl
713 1765 761 1816 aut
777 1761 846 1830 quid
861 1761 980 1816 haberet

138 1841 218 1906 Quod
234 1841 340 1909 legeret
356 1843 514 1908 tereretque
531 1839 634 1893 viritim
651 1837 774 1908 publicus
790 1838 876 1892 usust
907 1859 913 1872 ·

137 1916 179 1970 Ut
194 1916 312 1986 prImum
328 1913 425 1988 positis
441 1915 538 1980 nugari
556 1914 671 1968 Graecia
687 1912 767 1966 bellis

138 1991 235 2060 Coepit
251 1995 281 2046 ot
295 1991 324 2044 in
341 1989 437 2043 vitium
454 1989 563 2044 fortuna
579 1989 666 2043 labier
682 2004 775 2057 aequa,

137 2066 218 2120 inmo
235 2066 399 2120 athletarum
416 2065 523 2131 studiis,
540 2081 612 2126 nunc
629 2064 697 2118 arsit
714 2079 854 2132 equorum,
952 2083 977 2121 ω

137 2141 281 2196 Mannoris
298 2143 347 2194 aut
363 2139 453 2192 eboris
470 2139 561 2192 fabros
580 2143 628 2192 eut
645 2137 715 2192 aeris
732 2137 840 2204 amavit,

136 2215 287 2286 Suspendit
302 2215 377 2283 picta
393 2213 499 2267 vultum
516 2217 691 2282 mentemque
708 2211 816 2278 tabella,

136 2289 217 2346 Nune
233 2289 397 2356 tibiciuibus,
414 2304 486 2342 nunc
501 2291 545 2342 est
561 2288 654 2356 gavisa
671 2286 823 2355 tragoedis5

136 2366 194 2420 Sub
211 2366 316 2420 nutrice
332 2365 423 2434 puella
440 2364 516 2418 velut
533 2363 556 2417 si
573 2363 682 2418 luderet
698 2363 796 2428 inians,

137 2441 218 2506 Quod
234 2441 334 2510 cupide
350 2439 432 2507 petiit
448 2443 556 2493 mature
573 2439 657 2507 plena
673 2437 792 2506 reliquit.
944 2451 979 2492 roo

136 2516 210 2580 Quid
226 2516 317 2586 placet
332 2518 381 2568 aut
398 2514 461 2568 odio
475 2517 518 2568 eet
535 2514 610 2582 quod
623 2530 678 2568 non
694 2511 826 2568 mutabile
840 2509 953 2566 eredasl

136 2592 198 2646 Hoc
214 2607 294 2661 paces
311 2588 432 2643 habuere
449 2588 536 2642 bonae
554 2589 683 2657 ventique
701 2586 821 2642 secundi
919 2641 924 2651 ,

87 2671 91 2680 ’
135 2667 239 2721 Romae
257 2664 336 2720 dulce
353 2663 402 2718 diu
418 2663 471 2716 luit
488 2667 517 2717 et
534 2663 664 2717 sollemne
681 2663 786 2718 reelma

135 2741 217 2795 Mane
235 2741 316 2795 domo
332 2739 451 2807 vigilare,
468 2737 561 2792 clienti
578 2754 703 2804 promere
716 2737 789 2806 jura,
822 2761 825 2768 ·

135 2816 237 2870 (lautos
253 2813 407 2870 nominibus
424 2813 506 2867 rectis
523 2813 678 2880 expendere
695 2827 826 2882 nummos,
943 2825 978 2866 los

134 2890 256 2957 Majores
273 2889 376 2954 audire,
394 2887 491 2942 minori
508 2887 607 2954 dicere,
624 2905 674 2956 per
692 2904 763 2957 quae

135 2965 264 3019 Crescere
281 2981 326 3018 res
344 2966 444 3036 posset,
463 2962 547 3016 minui
565 2961 695 3017 damnosa
711 2962 806 3016 libido.

134 3039 254 3091 Mutavit
271 3033 391 3094 monteio
407 3039 523 3106 populus
540 3037 608 3090 levis
625 3041 654 3092 et
671 3038 743 3092 calet
760 3051 814 3089 uuo

135 3111 277 3166 Scribendi
294 3111 400 3174 studio;
423 3113 501 3181 pueri
519 3116 665 3181 patresque
684 3112 770 3166 severi

135 3184 244 3260 Fronde
261 3199 351 3237 comos
368 3185 451 3240 vineti
469 3189 584 3240 coenant
601 3191 630 3240 et
647 3187 767 3241 cannino
784 3185 898 3241 dictant.
942 3200 977 3242 uo
