2276 3448
147 135 191 182 182
418 129 572 180 HORA'PII
588 129 719 180 FLAOOE

144 211 273 266 Militiam
290 227 361 281 puer
379 214 408 265 et
427 209 590 264 Cantabrica
606 208 679 262 bella
694 207 787 262 tulisti
970 213 997 264 'es

144 287 202 340 Sub
221 286 291 341 duce
309 279 357 356 qui
375 285 486 352 templis
505 284 669 338 Parthorum
687 283 763 352 signa
781 284 874 354 refigit

144 362 171 416 N
173 379 231 426 unc,
249 366 278 416 et
299 362 322 415 si
340 361 407 430 quid
424 360 503 414 abest
519 359 598 413 Italis
615 358 757 427 adjudicat
774 361 864 414 armis.

146 439 197 505 Ac,
218 453 254 491 ne
273 440 303 492 te
322 435 447 492 retrahas
465 439 495 489 et
515 433 706 490 inexcusabilis
723 433 805 501 absis,

146 511 277 575 Quamvis
297 511 336 565 nil
355 513 434 566 extra
453 526 597 564 numerum
615 510 712 563 iecisse
727 509 893 580 modumque

146 587 240 654 Curae,
260 586 402 640 interdum
418 585 530 652 nugaris
550 600 615 638 rure
634 587 763 654 paterno;
974 607 999 646 ω

145 659 271 716 Partitur
287 661 383 715 lintres
403 659 554 722 exercitus;
573 659 656 713 Actia
677 675 769 726 pugna

145 735 185 790 'Pe
204 737 273 790 duce
290 753 341 804 per
355 751 455 806 pueros
472 733 564 788 hostili
585 749 660 787 more
678 732 829 800 refertum⁴

147 809 330 864 Adversarius
348 813 390 864 est
407 810 500 876 frater,
517 809 592 862 lacus
613 808 725 874 Hadria
747 809 833 864 donee

148 885 324 938 Alterutrum
339 883 418 939 velox
437 883 562 938 Victoria
578 883 677 938 fronde
696 887 815 938 coronet.
838 913 842 922 ·

151 960 313 1014 Consentire
331 960 388 1014 suis
407 959 506 1014 studiis
525 958 572 1026 qui
590 957 740 1012 crediderit
756 962 795 1028 te,
972 983 998 1020 aa

149 1034 252 1088 Pautor
270 1039 387 1104 utroque
405 1038 483 1088 tuum
501 1032 626 1086 laudabit
640 1032 738 1104 pollice
757 1033 859 1088 ludum.

150 1108 277 1163 Protinus
295 1114 327 1164 ut
344 1126 476 1178 moneam,
495 1107 603 1178 siquid
620 1108 762 1164 monitoris
780 1126 844 1177 eges
861 1113 894 1164 tu

151 1183 223 1247 Quid
241 1185 277 1239 de
295 1201 402 1254 quoque
418 1184 477 1238 viro
495 1187 524 1238 et
541 1183 584 1237 eui
602 1183 676 1237 dicas
694 1189 775 1253 saepe
791 1185 892 1238 videto.

151 1258 371 1312 Percontatorem
387 1259 481 1327 fugite,
499 1275 562 1312 nam
579 1258 705 1324 garrulus
721 1259 795 1312 idem
813 1263 863 1327 cst,

151 1333 176 1385 N
179 1349 210 1386 ee
226 1333 345 1387 retinent
361 1333 470 1401 patulae
488 1333 631 1386 commissa
648 1333 767 1387 fideliter
783 1351 870 1403 aures,
973 1349 1000 1390 ro

152 1407 188 1461 ut
205 1408 289 1462 semel
306 1407 433 1462 emissum
450 1408 524 1461 volat
541 1408 717 1462 irrevocabile
734 1409 854 1462 verbum.
875 1452 890 1458 ..

152 1483 178 1536 N
180 1499 214 1537 on
230 1483 327 1538 ancilla
343 1486 422 1538 tuum
434 1483 514 1552 jecur
531 1483 636 1538 ulceret
652 1483 708 1538 ulla
724 1501 826 1552 puerve

153 1558 230 1615 Intra
246 1575 427 1613 marmoreum
444 1557 591 1612 venerandi
608 1559 692 1612 limen
708 1559 796 1627 amici,

118 1693 124 1704 ,
153 1634 196 1688 Ne
213 1634 338 1688 dominus
354 1633 432 1702 pueri
448 1633 554 1701 psdchri
571 1649 683 1686 caraeve
700 1634 806 1702 puellae

153 1710 267 1778 Munere
283 1713 313 1763 te
330 1725 413 1778 parvo
429 1708 494 1762 beet
512 1711 560 1762 aut
577 1708 761 1764 incommodus
777 1713 868 1778 angat
976 1724 1001 1764 vs

154 1785 265 1848 Qualem
277 1783 450 1840 commendes
462 1783 545 1836 etiam
557 1787 640 1852 atque
652 1783 735 1837 etiam
746 1783 912 1854 adspice,‚ne
923 1801 987 1839 mox

154 1859 291 1912 Incutiant
308 1858 395 1912 aliena
411 1857 463 1911 tibi
479 1861 591 1926 peccata
607 1857 747 1926 pudorem.

154 1934 284 1987 Fallimur
300 1937 330 1987 et
346 1933 483 2002 quondam
499 1949 554 1986 non
572 1932 684 2000 dignum
700 1933 847 1988 tradimus:
863 1951 929 2002 ergo

154 2010 240 2074 Quem
257 2025 306 2062 sua
323 2007 401 2075 culpa
417 2011 525 2076 premet
543 2008 673 2077 deceptus
688 2009 786 2063 omitte
802 2010 884 2077 tueri,

153 2083 194 2138 Ut
210 2083 318 2152 penitus
335 2087 438 2150 notum,
456 2083 479 2134 ei
495 2085 604 2156 tentent
621 2083 741 2152 crimina,
758 2101 850 2138 serves
974 2107 1002 2144 aa

153 2158 315 2226 Puterisque
332 2159 381 2209 tuo
398 2155 529 2210 fidentem
536 2219 537 2224 ἵ
538 2157 696 2228 praesidio;
712 2159 760 2227 qui

153 2233 243 2286 Dente
261 2230 398 2285 Theonino
416 2247 477 2288 cum
494 2231 707 2302 circumroditur,
726 2233 825 2302 ecquid

153 2308 201 2364 Ad
217 2312 247 2363 te
264 2313 326 2376 post
342 2305 423 2376 paulo
441 2310 556 2362 ventura
572 2308 694 2378 pericula
711 2311 811 2364 sentiat

151 2385 224 2440 Nam
241 2387 291 2439 tua
307 2399 352 2437 res
369 2383 461 2450 agitur
476 2384 646 2456 paries-cum
663 2384 804 2452 proximus
820 2383 909 2452 ardet,

152 2459 190 2514 Et
206 2459 331 2528 neglecta
348 2458 436 2512 solent
453 2457 579 2512 incendia
597 2475 705 2512 sumere
723 2459 801 2514 vires,

153 2533 248 2588 Dulcis
263 2533 413 2610 inexpertis
431 2533 537 2586 cultura
554 2533 675 2601 potentis
694 2533 786 2587 amici:

153 2611 290 2678 Expertus
307 2608 413 2662 metuit.
448 2607 490 2660 'Pu
507 2608 573 2660 dum
590 2611 639 2660 tua
656 2609 733 2662 navis
751 2609 779 2662 in
796 2609 852 2662 alto
869 2613 912 2664 cst

154 2685 215 2737 Hoc
231 2700 289 2752 age,
306 2699 342 2742 ue
359 2685 465 2742 mutata
481 2685 631 2748 retrorsum
649 2687 678 2736 te
695 2684 767 2736 ferat
784 2700 857 2736 aura.

153 2759 278 2812 Oderunt
295 2757 408 2810 hilarem
425 2755 521 2812 tristes
537 2755 700 2825 tristemque
714 2757 809 2824 jocosi,

153 2831 283 2886 Sedatum
300 2831 408 2897 celeres,
425 2829 524 2898 agilem
540 2845 696 2900 navumque
713 2832 836 2897 remissi;

154 2903 267 2960 Poteras
283 2905 370 2960 bibuli
387 2904 478 2961 media
495 2904 531 2963 de
547 2908 627 2960 noete
646 2905 755 2960 Falerni

154 2977 280 3033 Oderunt
296 2983 421 3047 porrecta
437 2984 583 3048 negantem
600 2981 704 3050 pocula,
722 2981 845 3050 quamvis

155 3045 307 3104 Nocturnos
320 3052 399 3120 jures
416 3057 446 3107 ta
463 3055 610 3111 formidare
628 3071 749 3124 vapores.

157 3116 240 3175 Deme
257 3126 400 3192 supercilio
417 3127 533 3192 nubcm3
550 3129 711 3198 plerumque
727 3130 867 3184 modestus
