2276 3448
140 199 188 245 1ar
401 191 569 262 'nonam
587 191 716 242 runoo1
889 252 896 265 Ι

137 272 193 326 Vix
210 276 302 327 tamen
321 269 436 339 eripiam
452 270 541 339 posito
559 287 663 340 pavone
680 272 748 327 velis
765 275 833 346 quiu¹
876 275 879 281 '
941 273 945 282 '
982 279 986 284 '

137 348 199 402 Hoc
215 347 306 416 potius
325 362 406 413 quam
423 346 522 414 gallina
540 349 649 415 tergere
667 348 797 418 palatum,

138 422 288 490 Corruptus
305 421 382 474 ranis
399 437 500 488 rerum‚·
516 421 580 489 quia
597 427 696 477 veneat
713 440 780 477 auro
962 441 989 480 5

137 495 211 552 Rara
227 497 284 550 avis
301 497 332 550 et
347 495 422 564 picta
438 496 542 565 pandat
560 498 714 564 spectacvda
731 499 832 564 cauda;
1032 493 1040 508 '

137 572 285 640 Tamquam
297 571 333 625 ad
344 587 404 624 rem
415 572 532 625 attineat
544 572 701 640 quidquam.
725 574 750 626 N
752 591 798 626 um
807 577 923 629 vesceris
933 578 989 631 ista
1026 595 1028 598 ’

137 646 225 710 Quam
242 646 339 700 laudas
355 646 466 714 plumat
502 647 586 700 (looto
603 664 669 701 num
687 647 766 702 adast
783 649 869 702 honor
886 650 980 705 idom?

137 721 225 776 (larua
241 725 334 775 tamen
352 719 475 787 quamvis
493 720 578 775 distat
594 722 641 790 nil,
659 723 709 776 hac
725 723 813 790 magis
830 723 905 777 illam

137 781 292 864 Imparibus'
308 795 402 848 formis
420 795 564 864 deceptum
581 800 611 850 te
628 813 663 865 pe
665 802 740 852 tere!
778 799 861 852 Esto·
963 817 987 854 ao

136 871 218 924 Unde
236 871 331 924 datum
349 869 434 923 sentis
451 869 530 936 lupus
547 871 592 924 hic
610 871 752 926 Tiberinus
770 869 805 926 ari
823 873 878 926 alto

137 946 239 1013 (laptus
256 945 322 1011 hiet,
339 947 474 1014 pontesne
490 944 563 998 inter
575 946 697 1012 jactatus
715 963 749 1000 au
768 948 855 1001 amuis

137 1020 216 1075 Ostia
233 1020 284 1074 suh
301 1019 398 1074 Tuscii
434 1018 549 1086 Laudas,
567 1020 670 1090 insane,
686 1021 823 1076 trilibrem
870 1053 872 1058 .

74 1157 79 1164 ¹
135 1095 252 1149 Mullum
268 1095 297 1148 iu
312 1095 417 1162 singola
434 1111 515 1161 quem
530 1094 636 1148 minuas
652 1097 792 1164 pulmenta
807 1113 919 1152 necasse
935 1102 986 1153 est.

135 1169 265 1225 Ducitis
282 1169 385 1238 species
402 1169 497 1223 video:
515 1185 568 1236 quo
586 1171 705 1239 pertinet
723 1189 787 1240 ergo
960 1189 985 1228 ss

136 1244 267 1299 Prooeros
284 1244 374 1298 odisse
391 1244 485 1312 luposl
522 1244 592 1308 Quia
610 1245 712 1299 scilicet
728 1245 783 1300 illis

134 1317 269 1387 Majorem
286 1321 384 1371 natura
400 1317 510 1370 modum
528 1317 613 1386 dedit,
630 1319 674 1372 his
691 1319 776 1375 breve
793 1322 906 1390 pondus

135 1393 155 1445 J
157 1393 254 1460 ejunus
271 1409 333 1446 raro
351 1391 504 1446 stomachus
521 1393 643 1460 vulgaria
659 1396 767 1450 temnit.
942 1399 948 1409 “

136 1468 315 1521 “Porrectum
333 1481 430 1534 magna
447 1483 576 1534 magnum
595 1473 718 1536 spectare
736 1471 826 1524 catino

134 1542 264 1612 Vellem,”
276 1542 316 1596 ait
334 1541 463 1612 Harpyiis
480 1541 544 1610 gula
561 1541 644 1610 digua
661 1544 812 1612 rapacibus.
841 1545 882 1598 At
894 1561 948 1611 vos,
960 1562 985 1602 ra

135 1618 298 1672 Praesentes
316 1617 420 1684 Austri,
433 1617 550 1685 coquite·
557 1617 653 1671 horum
665 1618 983 1688 obsonia—quamquam

135 1692 220 1748 Putet
236 1709 302 1762 aper
319 1691 501 1760 rhombusque
518 1707 620 1759 recens,
638 1693 709 1746 mala
726 1695 804 1762 eopia
821 1695 928 1763 quaudo

135 1773 258 1838 Aegrum
276 1769 402 1822 sollicitat
419 1767 594 1834 stomachum,
611 1783 673 1821 oum
690 1770 785 1838 rapula
802 1770 899 1837 plenus

134 1845 229 1912 Atque
246 1843 337 1896 acidas
353 1842 457 1896 mavult
474 1842 567 1896 inulas
589 1841 730 1896 'Necdum
747 1845 834 1897 omnis
851 1843 949 1898 abacta

135 1918 281 2006 Pauperies
298 1917 385 1985 epulis
402 1933 512 1985 regum3
529 1933 592 1970 nam
609 1917 707 1970 vilibus
725 1919 782 1971 ovis
959 1933 983 1974 4⁵

35 2017 37 2022 ·
134 1993 281 2061 Nigrisque
299 1996 342 2046 est
359 1992 427 2046 oleis
443 1991 525 2046 hodie
542 1991 623 2046 locus.
659 1993 745 2045 Haud
762 1994 802 2046 ita
818 1993 924 2062 pridem

135 2069 240 2122 Galloni
250 2067 396 2136 praeconis
413 2070 473 2120 erat
490 2067 646 2154 acipensere
663 2083 798 2121 mensa
919 2095 923 2102 ·

134 2141 254 2196 Infamia.
290 2141 370 2209 Quid,
381 2144 446 2194 tuna
464 2141 591 2195 rhombos
607 2141 696 2195 minus
713 2157 831 2210 aequora
848 2124 976 2198 asbania

134 2215 219 2272 Tutus
236 2219 296 2271 erat
312 2215 442 2269 rhombus
458 2219 574 2283 tutoque
591 2216 692 2270 ciconia
709 2217 775 2270 uida
991 2229 996 2238 ·

133 2292 227 2347 Donec
244 2308 291 2346 vos
309 2295 403 2346 auctor
420 2291 513 2345 docuit
530 2291 712 2358 praetorius.
725 2291 798 2359 Ergo
864 2331 866 2338 .
958 2316 984 2354 to

134 2369 163 2422 ai
181 2362 329 2437 quis'nunc
346 2383 453 2436 mergos
470 2382 566 2420 suaves
583 2367 703 2421 edixerit
721 2383 804 2432 assae,

134 2443 246 2498 Parebit
263 2443 340 2512 pravi
357 2443 451 2497 docilis
469 2442 591 2496 Romana
605 2441 744 2509 juventus.

134 2515 265 2574 ¹Sordidus
283 2534 300 2571 a
317 2517 393 2572 tenui
410 2518 485 2571 victu
502 2516 623 2579 distabit,
643 2515 732 2570 Ololla

133 2595 250 2658 Judice3
272 2608 335 2645 nam
352 2591 568 2644 inserentium
585 2591 713 2645 vitaveris
730 2590 798 2644 illud

134 2670 209 2722 Sita
227 2668 279 2721 alio
297 2665 583 2736 pravum'detorseris.
618 2665 778 2731 Avidieuus,
955 2677 981 2720 ta

134 2743 185 2796 Cui
203 2742 285 2796 Canis
303 2757 338 2794 ex
354 2755 418 2794 vero
436 2739 539 2792 dietum
557 2755 703 2806 cognomen
721 2741 860 2810 adhaeret,

135 2817 327 2884 Quinquennes
344 2814 416 2867 oleas
434 2817 477 2868 est
494 2817 523 2868 et
541 2814 675 2868 silvestria
692 2832 782 2883 corna,

135 2893 178 2943 Aa
194 2891 246 2942 uisi
263 2893 398 2944 mutatum
414 2889 502 2957 parcit
519 2888 669 2944 defundere
687 2892 786 2956 viuum,
804 2894 850 2945 ct·

135 2963 220 3030 Cujus
237 2963 348 3018 odorem
364 2964 417 3018 olei
434 2977 560 3032 nequeas
570 2964 699 3036 perferre,
717 2932 810 3019 licebit

136 3037 188 3090 Ille
205 3039 311 3104 repotia
327 3039 430 3092 natales
448 3038 548 3091 aliosve
566 3038 672 3091 dierum

135 3101 233 3156 Festos
250 3104 356 3158 albatus
373 3105 499 3172 celebret,
516 3121 600 3158 cornu
616 3105 676 3174 ipse
692 3104 785 3159 bilibri

136 3176 265 3231 (laulibus
281 3177 403 3244 instillat,
421 3148 521 3234 votafis
538 3194 592 3232 acu
609 3195 706 3249 parcus
722 3181 802 3236 aceti.
