2268 3448
394 155 598 206 cARMINUM
614 156 653 206 11.
673 157 709 206 11.
945 157 977 204 33

266 235 404 290 Doeidunt
420 238 512 289 turres
528 233 685 303 feriuntque
703 249 820 288 summos

300 309 421 378 Fulgura
437 313 551 364 montes.

266 383 365 452 Sperat
382 384 494 453 infestis,
512 383 612 438 metuit
629 383 755 438 secundis

266 459 391 513 Alteram
409 462 510 514 sortem
528 458 598 512 bene
615 461 807 527 praeparatum

266 532 372 588 Pectus.
407 534 543 588 Informes
559 533 663 588 hiemes
680 532 788 587 reducit
955 549 977 590 rr

299 607 436 678 luppiter,
456 608 529 662 idem

266 685 429 739 summovet
463 683 490 736 N
491 700 526 738 ou
543 683 566 738 si
582 682 653 738 male
670 698 742 736 nuno
759 685 788 738 et
806 681 870 736 olim

266 759 312 813 Sic
329 759 398 814 erit:
416 757 552 828 quondam
569 758 673 812 cithara
689 761 826 812 tacentem

265 833 385 888 Suscitat
402 849 514 901 musam,
532 849 621 902 neque
639 849 747 900 semper
764 847 856 886 arcum

300 907 401 962 Tendit
419 907 525 976 Apollo.
952 918 976 958 ao

267 981 360 1037 Rebus
377 981 500 1050 angustis
517 981 653 1035 animosus
670 985 753 1050 atquo
985 1011 990 1022 ·

267 1057 359 1112 Fortis
377 1073 496 1126 appare;
514 1056 651 1124 sapienter
667 1055 741 1110 idem

267 1131 417 1188 (lontmhes
434 1134 517 1186 vento
534 1131 646 1186 nimium
664 1129 780 1186 secundo

300 1205 420 1275 Turgida
437 1207 503 1262 vela.

525 1345 578 1402 XI.

267 1429 341 1494 Qum
357 1429 498 1484 bellicosus
516 1427 653 1484 Cantaber
670 1431 700 1483 et
717 1429 838 1498 Scythes,

267 1505 383 1574 Hirpine
401 1504 502 1571 Quinti,
520 1505 622 1572 cogitet
641 1503 748 1558 Hadria

301 1579 411 1633 Divisus
428 1577 535 1646 objecto
552 1578 678 1633 remittas

336 1653 481 1718 Quaerere,
498 1650 688 1720 nec-trepides
705 1651 734 1705 in
751 1668 831 1705 usum

268 1727 409 1784 Poscentis
425 1725 485 1780 aevi
502 1742 595 1795 pauca
629 1725 714 1794 Fugit
731 1729 805 1780 retro
967 1741 980 1784 r

269 1804 350 1858 Levis
363 1801 491 1871 juventas
509 1805 538 1856 et
556 1801 644 1870 decor,
661 1801 738 1854 arida

303 1879 425 1932 Pellente
443 1877 555 1932 lascivos
572 1893 677 1931 amores

337 1952 443 2008 (lanitio
460 1951 620 2021 facilemque
638 1967 769 2006 somnum.

268 2029 331 2084 Non
348 2043 454 2097 semper
470 2027 544 2082 idem
561 2025 672 2081 floribus
689 2031 731 2081 est
747 2027 833 2081 honor

269 2103 368 2158 Vernis
384 2119 473 2172 neque
490 2119 544 2156 uno
562 2102 640 2156 Luna
655 2101 758 2156 rubens
774 2102 844 2156 nitet
956 2119 978 2158 ro

303 2178 407 2232 Vultu:
424 2177 492 2248 quid
508 2178 628 2232 aeternis
645 2177 777 2230 minorem

338 2253 463 2308 Consiliis
480 2254 600 2308 animum
617 2253 736 2321 fatigas?

269 2329 325 2384 Cur
340 2345 395 2382 non
412 2328 462 2382 sub
480 2328 535 2382 alta
552 2327 596 2382 vel
613 2328 722 2395 platano
739 2327 782 2380 vel
800 2329 851 2382 hac

270 2405 340 2458 Pinu
352 2403 477 2472 jacentes
495 2403 533 2456 si'c
550 2406 655 2456 temere
673 2405 703 2455 et
720 2417 782 2454 rosa

304 2479 392 2532 Ganos
408 2477 515 2530 odorati
533 2476 650 2543 capillos,
958 2495 979 2531 15

337 2552 411 2606 Dum
428 2551 499 2618 licet,
518 2551 684 2620 Assyriaque
701 2551 788 2605 nardo

270 2626 400 2682 Petamus
416 2625 510 2680 unctil
545 2625 667 2695 Dissipat
685 2625 770 2680 liuius

269 2704 355 2759 (iuras
371 2701 475 2756 edaces.
510 2701 577 2766 Quis
594 2719 662 2771 puer
679 2702 754 2758 ocius

304 2777 470 2844 Restinguet
487 2777 608 2831 ardentis
627 2777 736 2832 Falerni

336 2851 437 2906 Pocula
452 2855 644 2920 praetereunte
661 2852 790 2921 lymphal
952 2867 977 2908 ao

269 2927 336 2993 Quis
353 2927 461 2981 devium
479 2930 598 2980 scortum
615 2926 706 2980 eliciet
724 2927 804 2980 domo

270 3002 384 3072 Lydenl
419 3001 530 3054 Eburna
547 3000 591 3053 dic
608 3017 659 3068 age
676 3015 738 3054 cum
755 3001 811 3069 lyra

304 3078 428 3131 Maturet
445 3077 474 3130 in
492 3078 631 3141 comptum
648 3073 788 3129 Lacaenae

337 3152 415 3206 More
432 3166 522 3206 comas
539 3149 656 3217 religata
672 3149 781 3204 nodum.
