2276 3448
383 189 637 240 EPISTOLANUM
654 192 677 240 Ι.
697 191 734 240 10,
943 191 996 242 171’
1078 215 1081 220 ·

139 270 230 326 Multa
247 269 358 340 quidem
376 269 434 322 dixi
451 285 500 323 cur
517 273 661 324 excusatus
679 270 799 337 abirem;
830 277 833 282 ’
942 272 944 276 ’

139 347 197 401 Sed
213 345 293 400 timui
310 361 371 400 mea
387 361 423 397 ne
440 345 551 398 finxisse
568 347 675 398 minora
693 350 812 414 putarer,

139 421 332 476 Dissimulator
349 421 407 488 opis
424 421 557 488 propriae,
575 421 642 474 mihi
660 421 816 474 commodus
833 422 887 475 uni.

139 497 186 550 Sic
203 513 254 564 ego
270 495 506 566 majoris'iugiens
523 496 667 564 opprobria
684 496 779 566 culpae
966 511 989 550 ro

140 571 250 625 Frontis
267 571 304 625 ad
319 571 440 625 rnbcnae
458 571 588 625 descendi
604 572 731 640 praemia.
767 570 869 636 Quodsi

140 645 301 714 Depositum
319 646 414 700 laudas
431 646 466 699 ob
482 647 562 700 amici
575 647 653 714 jussa
669 647 809 716 pudorem,

140 721 235 775 Scribe
251 721 293 776 tui
310 721 402 790 gregis
418 721 490 775 hune
507 725 537 776 et
553 722 652 777 fertem
669 722 751 776 crede
768 721 929 790 bonumque
976 745 980 754 ·

140 943 231 998 Unius
248 945 396 998 amatorem
414 944 532 1004 Fuscum
550 945 655 998 salvere
668 931 799 1013 jube'mus

140 1018 223 1072 Ruris
240 1023 382 1086 amatores,
400 1019 451 1073 hac
467 1020 496 1073 in
513 1036 545 1073 re
562 1020 664 1074 scilicet
681 1037 735 1074 una

139 1093 258 1147 Multum
276 1093 428 1162 dissimiles,
445 1095 482 1148 ad
499 1098 607 1148 caetera
622 1112 710 1164 paene
725 1095 849 1163 gemella
1131 1115 1132 1120 ¹

140 1169 281 1223 Fraternis
298 1169 395 1222 animis
414 1169 549 1238 quidquid
565 1175 647 1238 neget
664 1171 735 1224 alter
752 1175 782 1225 et
799 1171 883 1234 alter;

140 1245 294 1298 Annuimus
311 1245 415 1312 pariter
431 1246 516 1298 vetuli
534 1246 646 1315 notique
663 1246 786 1312 columbi.
973 1258 994 1308 e,-

139 1319 181 1372 'lu
196 1320 292 1372 nidum
310 1336 415 1385 serram
434 1336 485 1388 ego
501 1321 582 1374 laudo
599 1322 672 1375 ruris
688 1321 794 1375 amoeni

139 1395 223 1448 Riros
241 1399 270 1448 et
286 1411 379 1448 musco
397 1395 546 1450 eircmnlita
563 1413 628 1450 saxa
645 1397 803 1466 nemusque.

140 1469 213 1533 Quid
230 1469 357 1538 quaeris?
367 1511 373 1544 .·
393 1470 463 1524 Viro
482 1474 511 1524 et
528 1488 611 1538 regno
629 1472 709 1525 simul
726 1473 780 1526 ista
797 1471 895 1541 reliqui

139 1545 215 1608 Quae
232 1561 280 1598 vos
297 1544 333 1599 ad
350 1545 455 1599 caelum
472 1545 552 1599 fertis
568 1563 675 1600 rumore
693 1547 824 1602 seeundo:

138 1621 233 1689 thue
251 1621 399 1674 saeerdotis
416 1621 547 1690 fugitivus
564 1621 620 1674 liba
636 1638 745 1686 reeuso;
964 1636 987 1674 ro
1096 1647 1100 1654 ·

138 1695 213 1749 Pane
231 1711 297 1764 egeo
314 1695 374 1764 jam
391 1696 503 1750 mellitis
520 1697 624 1764 potiore
640 1696 779 1766 placentis.

138 1771 240 1826 Vivere
256 1774 370 1825 naturae
387 1772 411 1824 si
428 1773 620 1825 convenienter
636 1774 746 1840 oportet
767 1818 770 1823 .

138 1846 339 1916 Ponendaeque
357 1847 437 1900 domo
456 1843 611 1915 quaerenda
628 1850 672 1901 est
688 1863 752 1900 area
767 1845 893 1915 primum,
989 1865 992 1872 ¹

137 1921 281 1976 Novistine
297 1923 385 1976 locum
402 1923 537 1991 potiorem
553 1939 618 1976 rure
635 1923 736 1976 beatot
776 1958 778 1962 ν

137 1997 189 2052 Est
205 1997 254 2062 ubi
271 1997 333 2066 plus
350 2001 463 2066 tepeant
480 1998 591 2066 hiemes,
608 1997 656 2051 ubi
673 1996 778 2066 gratior
793 2013 858 2051 aura
964 2011 986 2050 rs

137 2071 237 2126 Leniat
254 2076 284 2127 et
301 2072 405 2126 rabiem
424 2073 505 2128 Oanis
522 2077 552 2128 et
568 2078 706 2128 momenta
723 2073 828 2141 Leonis,

138 2149 207 2202 (lum
225 2149 309 2202 semel
327 2149 432 2218 aceepit
450 2149 539 2203 Solem
556 2149 718 2202 furibundus
736 2150 866 2204 acutuml

6 2281 13 2292 Μ
138 2224 189 2278 Ilst
205 2223 254 2278 ubi
272 2224 384 2278 divellat
402 2241 514 2280 somnos¹
525 2225 614 2278 minus
631 2225 723 2278 invida
739 2227 823 2278 curat

106 2297 110 2308 ’
138 2297 267 2354 Deterius
286 2299 393 2368 Libyeis
411 2301 467 2354 olet
484 2304 532 2354 aut
549 2301 621 2354 nitet
637 2300 724 2354 herba
740 2299 880 2368 lapillisi'

138 2374 235 2428 Pur-ior
251 2375 280 2428 in
298 2375 364 2430 vicis
381 2393 453 2444 aqua
469 2375 561 2429 tendit
577 2391 705 2443 rumpere
721 2373 862 2441 plumbum
961 2392 985 2429 eo

75 2495 77 2500 ,
138 2450 226 2514 Quam
238 2467 308 2519 qnae
319 2467 370 2520 per
380 2467 496 2519 pronum
507 2449 628 2518 trepidat
639 2465 700 2502 eum
712 2465 851 2502 murmure
862 2452 969 2504 rirunr'l

137 2525 244 2593 Nempe
261 2527 333 2580 inter
350 2526 438 2579 varias
455 2525 577 2579 nutritur
594 2524 661 2578 silva
678 2525 823 2592 columnas,
993 2525 999 2540 '
1016 2523 1017 2527 ’

137 2599 333 2669 Laudaturque
351 2601 447 2654 domus
464 2601 558 2670 longos
576 2617 645 2670 quae
661 2601 792 2670 prospicit
809 2617 894 2668 agros.

136 2675 273 2729 Naturam
286 2676 412 2744 'expellas
429 2677 506 2730 furca
523 2681 616 2730 tamen
633 2693 721 2745 usque
737 2680 867 2743 recurret,

136 2749 174 2803 Et
191 2750 263 2803 mala
280 2754 442 2819 perrumpet
459 2752 553 2806 furtim
573 2752 684 2805 fastidia
701 2751 806 2807 victrix.

136 2825 199 2878 Non
218 2825 265 2894 qui
284 2825 395 2880 Sidonio
412 2827 578 2881 contendere
596 2828 709 2881 callidus
727 2833 801 2882 ostro

136 2899 233 2954 Nescit
253 2901 420 2968 Aquinatem
437 2903 561 2971 potantia
578 2902 680 2956 vellera
696 2903 788 2956 fucum

137 2976 247 3031 (lentius
264 2977 378 3045 accipiet
396 2977 525 3030 damnum
542 2977 708 3045 propiusque
725 2977 867 3044 medullis,¹

137 3051 225 3116 Quam
243 3052 361 3119 quinon
379 3053 482 3121 poterit
499 3068 563 3104 vero
581 3052 750 3119 distinguere
767 3052 872 3108 falsum

137 3128 225 3192 Quem
242 3143 288 3180 res
305 3127 367 3194 plus
383 3127 467 3180 nimio
485 3127 656 3181 delectavere
674 3127 816 3195 secundae,
961 3143 985 3182 a)

136 3201 263 3256 Mutatoe
281 3202 414 3270 quatient.
450 3201 479 3256 Si
496 3201 564 3272 quid
581 3201 717 3257 mirabere
733 3218 818 3271 pones
