<?xml version="1.0" encoding="UTF-8"?>
<!DOCTYPE html PUBLIC "-//W3C//DTD XHTML 1.0 Transitional//EN"
    "http://www.w3.org/TR/xhtml1/DTD/xhtml1-transitional.dtd">
<html xmlns="http://www.w3.org/1999/xhtml" xml:lang="en" lang="en">
 <head>
  <title>
</title>
<meta http-equiv="Content-Type" content="text/html;charset=utf-8" />
  <meta name='ocr-system' content='tesseract 3.04.00' />
  <meta name='ocr-capabilities' content='ocr_page ocr_carea ocr_par ocr_line ocrx_word'/>
</head>
<body>
  <div class='ocr_page' id='page_1' title='image "./operaomniaexrec00horagoog_0086.png"; bbox 0 0 2288 3444; ppageno 0'>
   <div class='ocr_carea' id='block_1_1' title="bbox 408 111 983 210">
    <p class='ocr_par' dir='ltr' id='par_1_1' title="bbox 408 111 983 210">
     <span class='ocr_line' id='line_1_1' title="bbox 408 111 983 210; baseline 0.002 -8"><span class='ocrx_word' id='word_1_1' title='bbox 408 148 611 204; x_wconf 73' lang='lat' dir='ltr'>ansuinum</span> <span class='ocrx_word' id='word_1_2' title='bbox 626 149 676 204; x_wconf 86' lang='lat' dir='ltr'>1v.</span> <span class='ocrx_word' id='word_1_3' title='bbox 693 154 717 205; x_wconf 77' lang='grc'>4.</span> <span class='ocrx_word' id='word_1_4' title='bbox 822 111 825 120; x_wconf 70' lang='grc'><strong><em>’</em></strong></span> <span class='ocrx_word' id='word_1_5' title='bbox 950 155 983 210; x_wconf 78' lang='lat'>73</span> 
     </span>
    </p>
   </div>
   <div class='ocr_carea' id='block_1_2' title="bbox 172 232 984 3196">
    <p class='ocr_par' dir='ltr' id='par_1_2' title="bbox 172 232 984 3196">
     <span class='ocr_line' id='line_1_2' title="bbox 275 232 804 302; baseline -0.006 -12"><span class='ocrx_word' id='word_1_6' title='bbox 275 234 394 290; x_wconf 83' lang='lat' dir='ltr'>Dextrss</span> <span class='ocrx_word' id='word_1_7' title='bbox 411 233 536 288; x_wconf 88' lang='lat' dir='ltr'>obarmet</span> <span class='ocrx_word' id='word_1_8' title='bbox 552 249 686 302; x_wconf 72' lang='lat' dir='ltr'>quaerere</span> <span class='ocrx_word' id='word_1_9' title='bbox 703 232 804 295; x_wconf 82' lang='lat' dir='ltr'>distuli.</span> 
     </span>
     <span class='ocr_line' id='line_1_3' title="bbox 274 305 812 374; baseline -0.009 -9"><span class='ocrx_word' id='word_1_10' title='bbox 274 310 334 365; x_wconf 72' lang='lat' dir='ltr'>lieo</span> <span class='ocrx_word' id='word_1_11' title='bbox 351 305 420 366; x_wconf 87' lang='lat' dir='ltr'>sciro</span> <span class='ocrx_word' id='word_1_12' title='bbox 436 307 478 363; x_wconf 82' lang='lat' dir='ltr'>iss</span> <span class='ocrx_word' id='word_1_13' title='bbox 496 311 540 364; x_wconf 88' lang='lat' dir='ltr'>est</span> <span class='ocrx_word' id='word_1_14' title='bbox 556 307 746 374; x_wconf 55' lang='lat' dir='ltr'>omnim-sed</span> <span class='ocrx_word' id='word_1_15' title='bbox 763 307 812 361; x_wconf 92' lang='lat' dir='ltr'>diu</span> 
     </span>
     <span class='ocr_line' id='line_1_4' title="bbox 308 384 716 454; baseline -0.002 -17"><span class='ocrx_word' id='word_1_16' title='bbox 308 384 431 454; x_wconf 88' lang='lat' dir='ltr'>Lateque</span> <span class='ocrx_word' id='word_1_17' title='bbox 447 384 573 438; x_wconf 82' lang='lat' dir='ltr'>victrices</span> <span class='ocrx_word' id='word_1_18' title='bbox 590 387 716 436; x_wconf 71' lang='lat' dir='ltr'>catervae</span> 
     </span>
     <span class='ocr_line' id='line_1_5' title="bbox 345 457 731 527; baseline -0.013 -12"><span class='ocrx_word' id='word_1_19' title='bbox 345 460 471 515; x_wconf 78' lang='lat' dir='ltr'>Consiliis</span> <span class='ocrx_word' id='word_1_20' title='bbox 483 457 595 527; x_wconf 86' lang='lat' dir='ltr'>juvenis</span> <span class='ocrx_word' id='word_1_21' title='bbox 611 457 731 511; x_wconf 83' lang='lat' dir='ltr'>revictae</span> 
     </span>
     <span class='ocr_line' id='line_1_6' title="bbox 275 531 984 603; baseline -0.007 -15"><span class='ocrx_word' id='word_1_22' title='bbox 275 533 389 588; x_wconf 81' lang='lat' dir='ltr'>Sensere</span> <span class='ocrx_word' id='word_1_23' title='bbox 406 534 474 603; x_wconf 87' lang='lat' dir='ltr'>quid</span> <span class='ocrx_word' id='word_1_24' title='bbox 490 549 569 586; x_wconf 87' lang='lat' dir='ltr'>mens</span> <span class='ocrx_word' id='word_1_25' title='bbox 586 532 648 599; x_wconf 90' lang='lat' dir='ltr'>rite,</span> <span class='ocrx_word' id='word_1_26' title='bbox 666 531 734 600; x_wconf 86' lang='lat' dir='ltr'>quid</span> <span class='ocrx_word' id='word_1_27' title='bbox 750 531 857 584; x_wconf 84' lang='lat' dir='ltr'>indoles</span> <span class='ocrx_word' id='word_1_28' title='bbox 961 546 984 585; x_wconf 80' lang='lat' dir='ltr'>as</span> 
     </span>
     <span class='ocr_line' id='line_1_7' title="bbox 275 606 772 674; baseline -0.008 -11"><span class='ocrx_word' id='word_1_29' title='bbox 275 608 301 663; x_wconf 88' lang='lat' dir='ltr'>N</span> <span class='ocrx_word' id='word_1_30' title='bbox 303 609 388 663; x_wconf 86' lang='lat' dir='ltr'>utrits</span> <span class='ocrx_word' id='word_1_31' title='bbox 403 607 500 662; x_wconf 77' lang='lat' dir='ltr'>faustis</span> <span class='ocrx_word' id='word_1_32' title='bbox 518 607 569 660; x_wconf 90' lang='lat' dir='ltr'>sub</span> <span class='ocrx_word' id='word_1_33' title='bbox 586 606 772 674; x_wconf 82' lang='lat' dir='ltr'>penetralibus</span> 
     </span>
     <span class='ocr_line' id='line_1_8' title="bbox 308 681 785 751; baseline -0.006 -14"><span class='ocrx_word' id='word_1_34' title='bbox 308 683 413 751; x_wconf 89' lang='lat' dir='ltr'>Posset,</span> <span class='ocrx_word' id='word_1_35' title='bbox 430 681 499 751; x_wconf 90' lang='lat' dir='ltr'>quid</span> <span class='ocrx_word' id='word_1_36' title='bbox 517 681 636 748; x_wconf 77' lang='lat' dir='ltr'>Augusti</span> <span class='ocrx_word' id='word_1_37' title='bbox 653 684 785 748; x_wconf 84' lang='lat' dir='ltr'>petemus</span> 
     </span>
     <span class='ocr_line' id='line_1_9' title="bbox 343 755 763 826; baseline -0.005 -14"><span class='ocrx_word' id='word_1_38' title='bbox 343 757 378 812; x_wconf 95' lang='lat' dir='ltr'>In</span> <span class='ocrx_word' id='word_1_39' title='bbox 394 772 495 826; x_wconf 89' lang='lat' dir='ltr'>pueros</span> <span class='ocrx_word' id='word_1_40' title='bbox 512 756 616 810; x_wconf 87' lang='lat' dir='ltr'>animus</span> <span class='ocrx_word' id='word_1_41' title='bbox 633 755 659 809; x_wconf 86' lang='lat' dir='ltr'>N</span> <span class='ocrx_word' id='word_1_42' title='bbox 661 771 763 810; x_wconf 89' lang='lat' dir='ltr'>erones.</span> 
     </span>
     <span class='ocr_line' id='line_1_10' title="bbox 276 829 811 894; baseline 0 -10"><span class='ocrx_word' id='word_1_43' title='bbox 276 830 376 885; x_wconf 78' lang='lat' dir='ltr'>Fortes</span> <span class='ocrx_word' id='word_1_44' title='bbox 392 834 520 885; x_wconf 76' lang='lat' dir='ltr'><strong>creantur</strong></span> <span class='ocrx_word' id='word_1_45' title='bbox 536 829 653 884; x_wconf 78' lang='lat' dir='ltr'>fortibus</span> <span class='ocrx_word' id='word_1_46' title='bbox 670 832 701 884; x_wconf 90' lang='lat' dir='ltr'>et</span> <span class='ocrx_word' id='word_1_47' title='bbox 717 829 811 894; x_wconf 78' lang='lat' dir='ltr'>bonis3</span> 
     </span>
     <span class='ocr_line' id='line_1_11' title="bbox 183 904 983 973; baseline -0.009 -11"><span class='ocrx_word' id='word_1_48' title='bbox 183 949 186 955; x_wconf 90' lang='lat'><em>.</em></span> <span class='ocrx_word' id='word_1_49' title='bbox 274 905 326 961; x_wconf 83' lang='lat' dir='ltr'>Est</span> <span class='ocrx_word' id='word_1_50' title='bbox 342 906 372 958; x_wconf 87' lang='lat' dir='ltr'>in</span> <span class='ocrx_word' id='word_1_51' title='bbox 383 904 517 973; x_wconf 82' lang='lat' dir='ltr'>juvencis,</span> <span class='ocrx_word' id='word_1_52' title='bbox 534 904 624 958; x_wconf 87' lang='lat' dir='ltr'>estin</span> <span class='ocrx_word' id='word_1_53' title='bbox 641 905 718 972; x_wconf 88' lang='lat' dir='ltr'>equis</span> <span class='ocrx_word' id='word_1_54' title='bbox 735 907 844 972; x_wconf 86' lang='lat' dir='ltr'>patrum</span> <span class='ocrx_word' id='word_1_55' title='bbox 959 917 983 955; x_wconf 80' lang='lat' dir='ltr'>ro</span> 
     </span>
     <span class='ocr_line' id='line_1_12' title="bbox 309 977 797 1048; baseline -0.004 -16"><span class='ocrx_word' id='word_1_56' title='bbox 309 980 414 1047; x_wconf 79' lang='lat' dir='ltr'>Virtus,</span> <span class='ocrx_word' id='word_1_57' title='bbox 430 995 520 1048; x_wconf 88' lang='lat' dir='ltr'>neque</span> <span class='ocrx_word' id='word_1_58' title='bbox 536 977 675 1032; x_wconf 75' lang='lat' dir='ltr'>imbellem</span> <span class='ocrx_word' id='word_1_59' title='bbox 690 978 797 1032; x_wconf 86' lang='lat' dir='ltr'>feroces</span> 
     </span>
     <span class='ocr_line' id='line_1_13' title="bbox 344 1051 839 1123; baseline -0.008 -15"><span class='ocrx_word' id='word_1_60' title='bbox 344 1055 532 1123; x_wconf 81' lang='lat' dir='ltr'>Progenerant</span> <span class='ocrx_word' id='word_1_61' title='bbox 547 1052 654 1122; x_wconf 86' lang='lat' dir='ltr'>aquilae</span> <span class='ocrx_word' id='word_1_62' title='bbox 672 1051 839 1116; x_wconf 67' lang='lat' dir='ltr'>columbam</span> 
     </span>
     <span class='ocr_line' id='line_1_14' title="bbox 274 1126 837 1195; baseline -0.004 -15"><span class='ocrx_word' id='word_1_63' title='bbox 274 1126 407 1182; x_wconf 77' lang='lat' dir='ltr'>Doctrina</span> <span class='ocrx_word' id='word_1_64' title='bbox 423 1127 474 1182; x_wconf 90' lang='lat' dir='ltr'>sed</span> <span class='ocrx_word' id='word_1_65' title='bbox 490 1127 546 1182; x_wconf 78' lang='lat' dir='ltr'>vim</span> <span class='ocrx_word' id='word_1_66' title='bbox 562 1131 704 1195; x_wconf 75' lang='lat' dir='ltr'>promovet</span> <span class='ocrx_word' id='word_1_67' title='bbox 720 1128 837 1194; x_wconf 77' lang='lat' dir='ltr'>insitam,</span> 
     </span>
     <span class='ocr_line' id='line_1_15' title="bbox 220 1197 802 1271; baseline 0.003 -15"><span class='ocrx_word' id='word_1_68' title='bbox 220 1197 264 1243; x_wconf 44' lang='lat' dir='ltr'>X</span> <span class='ocrx_word' id='word_1_69' title='bbox 274 1201 409 1271; x_wconf 84' lang='lat' dir='ltr'>Rectique</span> <span class='ocrx_word' id='word_1_70' title='bbox 424 1202 514 1257; x_wconf 83' lang='lat' dir='ltr'>cultus</span> <span class='ocrx_word' id='word_1_71' title='bbox 531 1205 642 1270; x_wconf 87' lang='lat' dir='ltr'>pectora</span> <span class='ocrx_word' id='word_1_72' title='bbox 659 1202 802 1267; x_wconf 88' lang='lat' dir='ltr'>roborant;</span> 
     </span>
     <span class='ocr_line' id='line_1_16' title="bbox 308 1276 982 1345; baseline 0 -15"><span class='ocrx_word' id='word_1_73' title='bbox 308 1276 456 1345; x_wconf 86' lang='lat' dir='ltr'>Utcunque</span> <span class='ocrx_word' id='word_1_74' title='bbox 472 1276 598 1330; x_wconf 81' lang='lat' dir='ltr'>defecere</span> <span class='ocrx_word' id='word_1_75' title='bbox 613 1292 703 1332; x_wconf 89' lang='lat' dir='ltr'>mores</span> <span class='ocrx_word' id='word_1_76' title='bbox 958 1289 982 1330; x_wconf 79' lang='lat' dir='ltr'>ss</span> 
     </span>
     <span class='ocr_line' id='line_1_17' title="bbox 342 1350 792 1421; baseline 0.009 -15"><span class='ocrx_word' id='word_1_77' title='bbox 342 1351 506 1406; x_wconf 87' lang='lat' dir='ltr'>Indeoorant</span> <span class='ocrx_word' id='word_1_78' title='bbox 522 1350 593 1404; x_wconf 88' lang='lat' dir='ltr'>bene</span> <span class='ocrx_word' id='word_1_79' title='bbox 608 1355 673 1406; x_wconf 76' lang='lat' dir='ltr'>nate</span> <span class='ocrx_word' id='word_1_80' title='bbox 689 1352 792 1421; x_wconf 82' lang='lat' dir='ltr'>culpae.</span> 
     </span>
     <span class='ocr_line' id='line_1_18' title="bbox 275 1423 794 1493; baseline 0 -15"><span class='ocrx_word' id='word_1_81' title='bbox 275 1425 347 1488; x_wconf 84' lang='lat' dir='ltr'>Quid</span> <span class='ocrx_word' id='word_1_82' title='bbox 364 1425 473 1493; x_wconf 83' lang='lat' dir='ltr'>debeas,</span> <span class='ocrx_word' id='word_1_83' title='bbox 491 1441 508 1478; x_wconf 94' lang='lat' dir='ltr'>o</span> <span class='ocrx_word' id='word_1_84' title='bbox 526 1423 620 1491; x_wconf 79' lang='lat' dir='ltr'>Rome,</span> <span class='ocrx_word' id='word_1_85' title='bbox 638 1424 794 1478; x_wconf 79' lang='lat' dir='ltr'>Neronibus</span> 
     </span>
     <span class='ocr_line' id='line_1_19' title="bbox 273 1497 882 1555; baseline 0 -3"><span class='ocrx_word' id='word_1_86' title='bbox 273 1499 362 1555; x_wconf 83' lang='lat' dir='ltr'>&#39;lestis</span> <span class='ocrx_word' id='word_1_87' title='bbox 379 1500 536 1554; x_wconf 85' lang='lat' dir='ltr'>Metaurum</span> <span class='ocrx_word' id='word_1_88' title='bbox 553 1497 655 1552; x_wconf 86' lang='lat' dir='ltr'>flumen</span> <span class='ocrx_word' id='word_1_89' title='bbox 672 1502 702 1552; x_wconf 89' lang='lat' dir='ltr'>et</span> <span class='ocrx_word' id='word_1_90' title='bbox 720 1498 882 1552; x_wconf 77' lang='lat' dir='ltr'>Hasdrubal</span> 
     </span>
     <span class='ocr_line' id='line_1_20' title="bbox 307 1573 734 1640; baseline -0.005 -13"><span class='ocrx_word' id='word_1_91' title='bbox 307 1574 438 1627; x_wconf 84' lang='lat' dir='ltr'>Devictus</span> <span class='ocrx_word' id='word_1_92' title='bbox 456 1577 486 1626; x_wconf 91' lang='lat' dir='ltr'>et</span> <span class='ocrx_word' id='word_1_93' title='bbox 501 1573 615 1640; x_wconf 86' lang='lat' dir='ltr'>pulcher</span> <span class='ocrx_word' id='word_1_94' title='bbox 631 1573 734 1640; x_wconf 80' lang='lat' dir='ltr'>sugetis</span> 
     </span>
     <span class='ocr_line' id='line_1_21' title="bbox 343 1645 708 1701; baseline -0.008 0"><span class='ocrx_word' id='word_1_95' title='bbox 343 1647 395 1701; x_wconf 89' lang='lat' dir='ltr'>Illo</span> <span class='ocrx_word' id='word_1_96' title='bbox 412 1646 472 1700; x_wconf 87' lang='lat' dir='ltr'>dies</span> <span class='ocrx_word' id='word_1_97' title='bbox 490 1647 569 1700; x_wconf 82' lang='lat' dir='ltr'>Latio</span> <span class='ocrx_word' id='word_1_98' title='bbox 585 1645 708 1700; x_wconf 88' lang='lat' dir='ltr'>tenebris</span> 
     </span>
     <span class='ocr_line' id='line_1_22' title="bbox 273 1719 736 1788; baseline 0.002 -15"><span class='ocrx_word' id='word_1_99' title='bbox 273 1719 328 1784; x_wconf 80' lang='lat' dir='ltr'>Qui</span> <span class='ocrx_word' id='word_1_100' title='bbox 343 1719 449 1788; x_wconf 84' lang='lat' dir='ltr'>primus</span> <span class='ocrx_word' id='word_1_101' title='bbox 464 1719 535 1774; x_wconf 86' lang='lat' dir='ltr'>alma</span> <span class='ocrx_word' id='word_1_102' title='bbox 551 1719 612 1773; x_wconf 88' lang='lat' dir='ltr'>risit</span> <span class='ocrx_word' id='word_1_103' title='bbox 628 1719 736 1787; x_wconf 84' lang='lat' dir='ltr'>adorea,</span> 
     </span>
     <span class='ocr_line' id='line_1_23' title="bbox 273 1794 765 1862; baseline 0.002 -14"><span class='ocrx_word' id='word_1_104' title='bbox 273 1794 358 1849; x_wconf 90' lang='lat' dir='ltr'>Dirus</span> <span class='ocrx_word' id='word_1_105' title='bbox 374 1810 426 1862; x_wconf 88' lang='lat' dir='ltr'>per</span> <span class='ocrx_word' id='word_1_106' title='bbox 441 1794 525 1848; x_wconf 90' lang='lat' dir='ltr'>urbes</span> <span class='ocrx_word' id='word_1_107' title='bbox 543 1794 613 1847; x_wconf 81' lang='lat' dir='ltr'>Afer</span> <span class='ocrx_word' id='word_1_108' title='bbox 628 1797 662 1848; x_wconf 90' lang='lat' dir='ltr'>ut</span> <span class='ocrx_word' id='word_1_109' title='bbox 679 1795 765 1849; x_wconf 87' lang='lat' dir='ltr'>Italas</span> 
     </span>
     <span class='ocr_line' id='line_1_24' title="bbox 306 1869 838 1938; baseline 0 -14"><span class='ocrx_word' id='word_1_110' title='bbox 306 1869 365 1924; x_wconf 80' lang='lat' dir='ltr'>Ocu</span> <span class='ocrx_word' id='word_1_111' title='bbox 382 1869 492 1923; x_wconf 85' lang='lat' dir='ltr'>flamma</span> <span class='ocrx_word' id='word_1_112' title='bbox 507 1885 557 1938; x_wconf 88' lang='lat' dir='ltr'>per</span> <span class='ocrx_word' id='word_1_113' title='bbox 573 1869 671 1924; x_wconf 77' lang='lat' dir='ltr'>taedas</span> <span class='ocrx_word' id='word_1_114' title='bbox 688 1871 732 1924; x_wconf 86' lang='lat' dir='ltr'>vol</span> <span class='ocrx_word' id='word_1_115' title='bbox 749 1871 838 1924; x_wconf 80' lang='lat' dir='ltr'>Eurus</span> 
     </span>
     <span class='ocr_line' id='line_1_25' title="bbox 340 1943 777 2013; baseline 0 -15"><span class='ocrx_word' id='word_1_116' title='bbox 340 1943 395 1998; x_wconf 91' lang='lat' dir='ltr'>Per</span> <span class='ocrx_word' id='word_1_117' title='bbox 412 1943 514 1998; x_wconf 81' lang='lat' dir='ltr'>Siculas</span> <span class='ocrx_word' id='word_1_118' title='bbox 532 1944 666 2013; x_wconf 80' lang='lat' dir='ltr'>equitavit</span> <span class='ocrx_word' id='word_1_119' title='bbox 682 1945 777 1999; x_wconf 81' lang='lat' dir='ltr'>undas.</span> 
     </span>
     <span class='ocr_line' id='line_1_26' title="bbox 272 2016 807 2088; baseline 0.002 -17"><span class='ocrx_word' id='word_1_120' title='bbox 272 2016 340 2072; x_wconf 89' lang='lat' dir='ltr'>Post</span> <span class='ocrx_word' id='word_1_121' title='bbox 355 2018 406 2072; x_wconf 92' lang='lat' dir='ltr'>boc</span> <span class='ocrx_word' id='word_1_122' title='bbox 423 2018 549 2076; x_wconf 88' lang='lat' dir='ltr'>secundis</span> <span class='ocrx_word' id='word_1_123' title='bbox 565 2035 652 2088; x_wconf 88' lang='lat' dir='ltr'>usque</span> <span class='ocrx_word' id='word_1_124' title='bbox 669 2019 807 2073; x_wconf 81' lang='lat' dir='ltr'>laboribus</span> 
     </span>
     <span class='ocr_line' id='line_1_27' title="bbox 272 2091 744 2162; baseline -0.002 -15"><span class='ocrx_word' id='word_1_125' title='bbox 272 2091 394 2148; x_wconf 81' lang='lat' dir='ltr'>Romana</span> <span class='ocrx_word' id='word_1_126' title='bbox 409 2093 497 2162; x_wconf 85' lang='lat' dir='ltr'>pubes</span> <span class='ocrx_word' id='word_1_127' title='bbox 513 2093 599 2147; x_wconf 87' lang='lat' dir='ltr'>crevit</span> <span class='ocrx_word' id='word_1_128' title='bbox 615 2097 645 2147; x_wconf 90' lang='lat' dir='ltr'>et</span> <span class='ocrx_word' id='word_1_129' title='bbox 661 2094 744 2161; x_wconf 91' lang='lat' dir='ltr'>impio</span> 
     </span>
     <span class='ocr_line' id='line_1_28' title="bbox 305 2167 727 2222; baseline 0.005 -2"><span class='ocrx_word' id='word_1_130' title='bbox 305 2167 421 2222; x_wconf 82' lang='lat' dir='ltr'>Vaststa</span> <span class='ocrx_word' id='word_1_131' title='bbox 438 2167 590 2222; x_wconf 90' lang='lat' dir='ltr'>Poenorum</span> <span class='ocrx_word' id='word_1_132' title='bbox 607 2169 727 2222; x_wconf 87' lang='lat' dir='ltr'>tumultu</span> 
     </span>
     <span class='ocr_line' id='line_1_29' title="bbox 172 2242 757 2308; baseline 0.003 -14"><span class='ocrx_word' id='word_1_133' title='bbox 172 2267 174 2272; x_wconf 36' lang='lat' dir='ltr'>v</span> <span class='ocrx_word' id='word_1_134' title='bbox 339 2242 416 2295; x_wconf 84' lang='lat' dir='ltr'>Fana</span> <span class='ocrx_word' id='word_1_135' title='bbox 432 2242 499 2296; x_wconf 87' lang='lat' dir='ltr'>deos</span> <span class='ocrx_word' id='word_1_136' title='bbox 515 2242 637 2298; x_wconf 91' lang='lat' dir='ltr'>habuere</span> <span class='ocrx_word' id='word_1_137' title='bbox 653 2248 757 2308; x_wconf 78' lang='lat' dir='ltr'>rectos3</span> 
     </span>
     <span class='ocr_line' id='line_1_30' title="bbox 198 2314 839 2387; baseline 0.005 -18"><span class='ocrx_word' id='word_1_138' title='bbox 198 2377 201 2382; x_wconf 26' lang='lat'>¹</span> <span class='ocrx_word' id='word_1_139' title='bbox 272 2314 403 2385; x_wconf 82' lang='lat' dir='ltr'>Dixitque</span> <span class='ocrx_word' id='word_1_140' title='bbox 419 2317 531 2372; x_wconf 70' lang='lat' dir='ltr'>tandem</span> <span class='ocrx_word' id='word_1_141' title='bbox 548 2318 669 2385; x_wconf 83' lang='lat' dir='ltr'>perfidus</span> <span class='ocrx_word' id='word_1_142' title='bbox 688 2317 839 2387; x_wconf 78' lang='lat' dir='ltr'>Hannibal:</span> 
     </span>
     <span class='ocr_line' id='line_1_31' title="bbox 271 2387 765 2460; baseline 0 -16"><span class='ocrx_word' id='word_1_143' title='bbox 271 2391 352 2444; x_wconf 81' lang='lat' dir='ltr'>Cerri</span> <span class='ocrx_word' id='word_1_144' title='bbox 368 2391 492 2459; x_wconf 89' lang='lat' dir='ltr'>luporum</span> <span class='ocrx_word' id='word_1_145' title='bbox 508 2392 611 2460; x_wconf 84' lang='lat' dir='ltr'>praeda</span> <span class='ocrx_word' id='word_1_146' title='bbox 628 2387 765 2460; x_wconf 73' lang='lat' dir='ltr'>rapacium</span> 
     </span>
     <span class='ocr_line' id='line_1_32' title="bbox 305 2465 742 2535; baseline 0.005 -17"><span class='ocrx_word' id='word_1_147' title='bbox 305 2465 446 2518; x_wconf 82' lang='lat' dir='ltr'>Sectsmur</span> <span class='ocrx_word' id='word_1_148' title='bbox 462 2466 535 2519; x_wconf 91' lang='lat' dir='ltr'>ultro</span> <span class='ocrx_word' id='word_1_149' title='bbox 552 2482 620 2534; x_wconf 90' lang='lat' dir='ltr'>quos</span> <span class='ocrx_word' id='word_1_150' title='bbox 637 2466 742 2535; x_wconf 90' lang='lat' dir='ltr'>opimus</span> 
     </span>
     <span class='ocr_line' id='line_1_33' title="bbox 340 2538 867 2610; baseline 0.008 -18"><span class='ocrx_word' id='word_1_151' title='bbox 340 2538 446 2593; x_wconf 76' lang='lat' dir='ltr'>Fallere</span> <span class='ocrx_word' id='word_1_152' title='bbox 463 2543 493 2593; x_wconf 86' lang='lat' dir='ltr'>et</span> <span class='ocrx_word' id='word_1_153' title='bbox 510 2539 630 2607; x_wconf 82' lang='lat' dir='ltr'>elingere</span> <span class='ocrx_word' id='word_1_154' title='bbox 647 2545 691 2594; x_wconf 86' lang='lat' dir='ltr'>est</span> <span class='ocrx_word' id='word_1_155' title='bbox 706 2539 867 2610; x_wconf 84' lang='lat' dir='ltr'>triumphus.</span> 
     </span>
     <span class='ocr_line' id='line_1_34' title="bbox 271 2611 786 2683; baseline 0.004 -17"><span class='ocrx_word' id='word_1_156' title='bbox 271 2611 344 2667; x_wconf 84' lang='lat' dir='ltr'>Gens</span> <span class='ocrx_word' id='word_1_157' title='bbox 361 2630 432 2683; x_wconf 90' lang='lat' dir='ltr'>quae</span> <span class='ocrx_word' id='word_1_158' title='bbox 448 2618 569 2669; x_wconf 85' lang='lat' dir='ltr'>cremato</span> <span class='ocrx_word' id='word_1_159' title='bbox 585 2615 664 2670; x_wconf 83' lang='lat' dir='ltr'>fortis</span> <span class='ocrx_word' id='word_1_160' title='bbox 680 2615 716 2670; x_wconf 92' lang='lat' dir='ltr'>ab</span> <span class='ocrx_word' id='word_1_161' title='bbox 734 2615 786 2670; x_wconf 92' lang='lat' dir='ltr'>llio</span> 
     </span>
     <span class='ocr_line' id='line_1_35' title="bbox 271 2686 766 2758; baseline 0.006 -17"><span class='ocrx_word' id='word_1_162' title='bbox 271 2686 383 2742; x_wconf 82' lang='lat' dir='ltr'>Jactcta</span> <span class='ocrx_word' id='word_1_163' title='bbox 400 2688 493 2742; x_wconf 76' lang='lat' dir='ltr'>Trucis</span> <span class='ocrx_word' id='word_1_164' title='bbox 509 2689 672 2758; x_wconf 86' lang='lat' dir='ltr'>aequoribus</span> <span class='ocrx_word' id='word_1_165' title='bbox 689 2706 766 2744; x_wconf 84' lang='lat' dir='ltr'>sacra</span> 
     </span>
     <span class='ocr_line' id='line_1_36' title="bbox 303 2761 746 2833; baseline 0.005 -19"><span class='ocrx_word' id='word_1_166' title='bbox 303 2761 445 2830; x_wconf 86' lang='lat' dir='ltr'>Natosque</span> <span class='ocrx_word' id='word_1_167' title='bbox 461 2766 636 2833; x_wconf 89' lang='lat' dir='ltr'>maturosque</span> <span class='ocrx_word' id='word_1_168' title='bbox 652 2767 746 2832; x_wconf 83' lang='lat' dir='ltr'>patres</span> 
     </span>
     <span class='ocr_line' id='line_1_37' title="bbox 339 2836 771 2903; baseline 0.002 -15"><span class='ocrx_word' id='word_1_169' title='bbox 339 2836 458 2890; x_wconf 83' lang='lat' dir='ltr'>Pertulit</span> <span class='ocrx_word' id='word_1_170' title='bbox 476 2838 612 2892; x_wconf 81' lang='lat' dir='ltr'>Ausonias</span> <span class='ocrx_word' id='word_1_171' title='bbox 628 2837 665 2890; x_wconf 84' lang='lat' dir='ltr'>cd</span> <span class='ocrx_word' id='word_1_172' title='bbox 681 2837 771 2903; x_wconf 87' lang='lat' dir='ltr'>urbes,</span> 
     </span>
     <span class='ocr_line' id='line_1_38' title="bbox 270 2905 796 2977; baseline -0.004 -17"><span class='ocrx_word' id='word_1_173' title='bbox 270 2905 354 2962; x_wconf 89' lang='lat' dir='ltr'>Duris</span> <span class='ocrx_word' id='word_1_174' title='bbox 370 2909 475 2964; x_wconf 80' lang='lat' dir='ltr'>utiles</span> <span class='ocrx_word' id='word_1_175' title='bbox 491 2913 571 2964; x_wconf 84' lang='lat' dir='ltr'>tonsa</span> <span class='ocrx_word' id='word_1_176' title='bbox 586 2909 749 2977; x_wconf 88' lang='lat' dir='ltr'>bipennibus</span> <span class='ocrx_word' id='word_1_177' title='bbox 792 2963 796 2976; x_wconf 38' lang='lat'>⁸</span> 
     </span>
     <span class='ocr_line' id='line_1_39' title="bbox 270 2979 767 3050; baseline -0.012 -15"><span class='ocrx_word' id='word_1_178' title='bbox 270 2979 373 3050; x_wconf 77' lang='lat' dir='ltr'>Nigrae</span> <span class='ocrx_word' id='word_1_179' title='bbox 389 2983 473 3036; x_wconf 87' lang='lat' dir='ltr'>feraci</span> <span class='ocrx_word' id='word_1_180' title='bbox 490 2983 595 3036; x_wconf 80' lang='lat' dir='ltr'>frondis</span> <span class='ocrx_word' id='word_1_181' title='bbox 611 2985 640 3034; x_wconf 92' lang='lat' dir='ltr'>in</span> <span class='ocrx_word' id='word_1_182' title='bbox 659 2979 767 3046; x_wconf 82' lang='lat' dir='ltr'>Algido,</span> 
     </span>
     <span class='ocr_line' id='line_1_40' title="bbox 305 3051 800 3124; baseline -0.024 -14"><span class='ocrx_word' id='word_1_183' title='bbox 305 3057 360 3110; x_wconf 90' lang='lat' dir='ltr'>Por</span> <span class='ocrx_word' id='word_1_184' title='bbox 376 3057 483 3123; x_wconf 86' lang='lat' dir='ltr'>damna,</span> <span class='ocrx_word' id='word_1_185' title='bbox 499 3073 549 3124; x_wconf 85' lang='lat' dir='ltr'>per</span> <span class='ocrx_word' id='word_1_186' title='bbox 566 3055 670 3116; x_wconf 80' lang='lat' dir='ltr'>caedes,</span> <span class='ocrx_word' id='word_1_187' title='bbox 688 3051 723 3102; x_wconf 91' lang='lat' dir='ltr'>ab</span> <span class='ocrx_word' id='word_1_188' title='bbox 740 3051 800 3116; x_wconf 89' lang='lat' dir='ltr'>ipso</span> 
     </span>
     <span class='ocr_line' id='line_1_41' title="bbox 340 3121 791 3196; baseline -0.027 -14"><span class='ocrx_word' id='word_1_189' title='bbox 340 3128 425 3184; x_wconf 91' lang='lat' dir='ltr'>Ducit</span> <span class='ocrx_word' id='word_1_190' title='bbox 440 3143 507 3196; x_wconf 86' lang='lat' dir='ltr'>opes</span> <span class='ocrx_word' id='word_1_191' title='bbox 523 3127 696 3192; x_wconf 80' lang='lat' dir='ltr'>animumquo</span> <span class='ocrx_word' id='word_1_192' title='bbox 712 3121 791 3172; x_wconf 87' lang='lat' dir='ltr'>ierro.</span> 
     </span>
    </p>
   </div>
   <div class='ocr_carea' id='block_1_3' title="bbox 0 0 1148 3444">
    <p class='ocr_par' dir='ltr' id='par_1_3' title="bbox 0 0 1148 3444">
     <span class='ocr_line' id='line_1_42' title="bbox 0 0 1148 3444; baseline 0 1"><span class='ocrx_word' id='word_1_193' title='bbox 0 0 1148 3444; x_wconf 95' lang='lat' dir='ltr'> </span> 
     </span>
    </p>
   </div>
  </div>
 </body>
</html>
