2276 3448
386 155 640 206 EPISTOLARUM
656 157 678 207 I.
699 159 724 208 3.
932 159 977 206 let

126 235 179 292 Est
196 236 317 290 animum
335 235 429 289 differs
446 237 563 290 curandi
577 239 686 305 tempus
702 236 731 288 in
750 238 868 292 anniam?

125 309 277 366 Dimidium
294 311 359 365 iacti
376 311 423 380 qui
441 311 531 380 eoepit
547 311 646 377 lrabet;
663 327 759 379 sapere
776 311 862 377 aride5
954 327 976 366 as

126 387 230 456 Incipe.
266 386 320 466 Qui
337 390 413 440 rccte
429 386 539 440 visendi
556 390 684 454 prorogat
701 387 795 439 horam

125 461 258 516 Rusticus
275 465 417 530 exspectat
434 461 501 514 dum
519 461 623 516 defluat
640 462 742 526 amnis;
759 464 789 515 at
806 461 851 515 ille

125 534 242 590 Labitur
259 539 289 590 et
305 534 415 590 labetur
432 536 461 590 in
478 552 559 590 omne
576 535 701 590 volubilis
719 539 822 590 aevum.

126 611 275 674 Quaeritur
291 614 436 678 argentum
453 611 600 680 puerisque
617 611 699 665 beata
714 610 840 665 creandis

127 683 214 752 Uxor,
232 690 262 739 et
278 684 404 740 incultae
415 689 548 754 pacantur
564 702 673 740 sortiere
691 686 789 741 silvae:
954 695 995 735 ιω

126 760 208 824 Quod
226 761 291 814 satis
309 764 352 814 est
368 761 412 814 cui
429 761 562 832 contingit
578 761 646 814 nihil
663 761 779 830 emplius
796 765 881 831 optet.

126 835 191 889 Non
209 835 306 889 domus
322 839 353 890 et
369 835 477 904 fundus,
494 852 548 889 non
565 837 636 889 aeris
653 852 766 890 acervus
782 840 812 890 et
828 836 887 890 auri

127 913 251 978 Aegroto
269 910 373 964 domini
389 909 507 964 deduxit
527 927 639 980 corporo
656 911 754 978 febres,

127 985 192 1040 Non
208 986 297 1040 animo
313 1003 401 1040 curas
436 986 535 1040 Valeat
551 1001 692 1054 possessor
707 988 818 1055 oportet

13 1129 16 1134 Δ
127 1061 158 1115 Si
176 1062 349 1130 comportatis
366 1060 448 1116 nebus
465 1061 536 1115 bene
552 1061 655 1128 cogitat
671 1061 720 1116 uti.
956 1074 987 1114 m·

124 1136 183 1200 Qui
200 1137 276 1204 cupit
293 1139 342 1190 aut
359 1137 458 1190 metuit
470 1135 552 1204 juvat
568 1136 645 1189 illum
663 1135 710 1190 sic·
720 1134 817 1190 domus
834 1139 864 1189 et
881 1151 925 1188 res

128 1210 170 1265 Ut
186 1210 291 1280 lippum
308 1213 399 1280 pictae
416 1211 533 1279 tabulae,
551 1211 673 1264 fomenta
688 1210 845 1279 podagrum,

129 1286 274 1340 Auriculas
291 1287 413 1341 citharae
430 1287 543 1342 collecta
560 1285 641 1340 sorde
659 1284 790 1340 dolentes.
837 1303 844 1309 ·

129 1361 271 1416 Sincerum
289 1365 332 1416 est
350 1362 402 1416 uisi
418 1379 466 1416 ras
482 1362 665 1431 quodcunque
682 1361 803 1414 infundis
819 1361 926 1415 acescit.

128 1437 234 1506 Sperne
250 1437 411 1506 voluptates,
427 1442 508 1491 nocet
527 1440 619 1506 empta
636 1436 730 1490 dolore
748 1436 880 1504 voluptas.
957 1451 980 1490 5⁵

130 1513 247 1581 Semper
263 1529 360 1566 avarus
377 1517 453 1580 eget:
469 1516 575 1566 certum
592 1514 656 1565 voto
673 1515 739 1579 pete
755 1511 846 1565 iincm.

130 1587 245 1640 Invidus
262 1587 375 1641 alterius
393 1587 536 1641 macrescit
552 1587 635 1641 rebus
651 1585 763 1654 opimis;

130 1662 239 1716 Invidia
256 1663 340 1717 Siculi
357 1679 412 1716 non
429 1664 557 1716 invenere
575 1661 683 1730 tyranni

129 1736 224 1806 Majas
240 1740 416 1792 tormentum.
452 1739 506 1803 Qui
523 1755 577 1792 non
595 1734 783 1794 moderabitur
800 1736 858 1790 irae
896 1748 900 1758 ’

130 1813 270 1867 Infectam
286 1813 361 1867 volet
377 1829 437 1867 esse
456 1813 533 1867 dolor
550 1813 625 1882 quod
641 1813 759 1866 suaserit
776 1816 807 1868 et
824 1829 908 1877 meua
957 1827 980 1866 ω

130 1887 205 1941 Dum
221 1903 324 1957 poenas
342 1887 405 1942 odio
421 1897 473 1957 'per
489 1889 545 1941 sim
561 1887 674 1942 festinat
693 1887 787 1941 inulto.

131 1963 179 2016 Ira
196 1963 272 2017 furor
288 1962 381 2017 brevis
398 1966 454 2018 est:
472 1964 592 2017 animum
609 1977 682 2031 rege,
700 1963 748 2031 qui
764 1961 817 2016 nisi
833 1965 912 2036 paret

131 2039 271 2108 imperat3
288 2038 361 2092 hune
377 2037 470 2107 frenis,
487 2038 558 2092 hunc
574 2045 607 2092 tu
623 2053 764 2106 compesce
782 2041 885 2092 catena

131 2113 225 2182 Fingit
242 2131 344 2182 equum
361 2117 458 2167 tenera
475 2113 591 2168 docilem
607 2113 712 2168 cervice
729 2113 860 2180 magister

132 2189 179 2243 Ire
200 2189 271 2242 viam
290 2206 344 2256 qun
361 2193 497 2243 monstret
514 2205 612 2258 eques;
629 2189 777 2255 venaticus,
794 2205 828 2242 cx
846 2205 900 2256 quo
957 2197 980 2234 ⁶⁵
1064 2217 1066 2222 ·

131 2264 267 2334 Tempore
284 2264 419 2318 cervinam
437 2264 536 2332 pellem
554 2264 664 2317 latravit
680 2265 709 2317 iu
726 2264 795 2328 atila,

131 2339 234 2394 Militat
249 2339 278 2392 in
296 2339 370 2392 silvis
387 2339 502 2392 catulus.
537 2339 563 2391 N
565 2354 617 2390 unc
634 2337 735 2390 adhibe
752 2354 822 2404 puro

132 2414 247 2468 Pectore
264 2413 354 2482 verba,
372 2414 451 2483 pucr,'
466 2430 538 2468 nunc
554 2417 584 2465 te
602 2411 758 2465 melioribus
775 2412 850 2465 offer.
903 2461 906 2466 .

132 2489 193 2553 Quo
211 2489 296 2543 semel
313 2493 357 2543 est
374 2489 482 2542 imbuta
499 2503 594 2541 recens
612 2487 732 2540 servabit
749 2486 860 2539 odorcm
966 2485 971 2496 “

131 2564 214 2619 'l'esta
231 2564 288 2618 diu.
324 2564 426 2629 Quodsi
443 2579 533 2618 cessas
551 2566 599 2616 aut
617 2566 742 2615 strenuus
760 2561 855 2627 anteis,
960 2575 983 2617 n„

131 2639 158 2693 N
160 2655 191 2694 ec
208 2639 319 2712 tardum
336 2639 463 2709 opperior
479 2655 536 2692 nec·
546 2636 772 2707 praecedentibus
789 2637 868 2690 iusto.

464 2829 469 2840 ,
511 2757 589 2832 '111.

130 2867 201 2922 Jnnr
219 2867 308 2935 Flore,
327 2865 427 2935 quibus
444 2869 581 2920 terrarum
597 2865 698 2920 militet
716 2865 771 2919 oris

132 2941 264 2996 Claudius
283 2941 403 3009 Augusti
421 2941 561 3008 privignus
579 2940 648 2993 scire
666 2940 765 2992 laboro.

132 3017 273 3071 Thracane
291 3032 340 3069 vos
359 3015 526 3081 Hebrusque
543 3014 625 3065 nivali
643 3012 773 3079 compede
791 3011 903 3081 vinctus,

132 3095 180 3146 An
198 3092 271 3145 freta
288 3091 390 3144 vicinas
407 3089 481 3140 inter
498 3087 637 3139 currentia
654 3090 753 3152 turres,

132 3169 179 3221 An
197 3167 313 3234 pingues
332 3164 415 3216 Asiae
433 3161 522 3230 campi
539 3161 674 3227 collesque
691 3162 849 3214 moranturl
967 3159 987 3209 's

189 3243 218 3286 14
