2268 3448
398 189 601 244 CARMINUM
616 192 670 244 111.
688 193 713 245 l.
950 195 978 246 47

271 273 366 329 Visom
384 275 529 330 Britannos
545 273 699 343 hospitibus
715 275 801 330 seros

271 349 309 406 Iit
326 350 427 404 laetum
445 351 543 418 equino
561 351 689 417 sangnine
708 350 869 420 Concanum,

306 425 400 478 Visum
417 425 588 498 pharetratos
606 425 723 480 Gelonos

238 561 243 572 1
340 499 377 554 Et
395 500 548 571 Scythicum
565 499 708 554 inviolatus
725 516 839 556 amnom.

274 573 332 626 Vos
350 574 493 628 Caesarem
511 574 604 643 altum,
622 574 719 628 militis
736 575 816 629 simul

271 648 367 703 Fessus
384 649 508 704 cohortes
525 649 634 704 addidit
649 649 764 718 oppidis,

306 723 399 780 Finire
416 727 592 798 quaerentem
609 724 717 778 labores

337 799 428 852 Pierio
444 799 573 853 recreetis
585 803 677 853 ‘antro

272 872 329 925 Vos
345 873 407 926 lene
425 873 564 926 consilium
581 877 610 927 et
627 873 699 928 datis
717 877 746 927 et
763 874 828 927 dato

271 947 404 1002 Gaudetis
421 948 514 1002 ulmae.
538 949 659 1013 Scimus,
677 953 710 1002 ut
726 949 824 1016 impios

305 1021 415 1076 Titanos
432 1023 631 1091 immanemque
648 1027 766 1076 turmam

339 1097 464 1150 Fulmine
482 1097 622 1152 sustulerit
638 1098 746 1164 caduco,
832 1136 835 1140 -

271 1171 324 1236 Qui
341 1175 444 1226 terram
461 1171 583 1240 inertem,
602 1173 649 1242 qui
666 1189 742 1226 mere
758 1175 896 1240 temperet
951 1187 976 1228 rr

274 1246 430 1316 Ventosum,
447 1250 477 1301 et
493 1247 575 1300 urbes
592 1263 731 1316 regnaque
748 1247 839 1302 tristis

295 1321 442 1390 ¹Divosque
459 1323 642 1392 mortalesque
659 1321 755 1376 turbas

334 1397 458 1465 Imperio
474 1397 552 1465 regit'
563 1413 633 1450 unus
650 1413 744 1466 nequo.
825 1431 830 1437 -

270 1471 400 1539 Magnum
417 1472 464 1524 ille
480 1475 615 1526 terrorem
631 1473 761 1526 intulerat
778 1471 842 1528 Jovi

270 1547 372 1600 Fidens
385 1546 517 1614 juventus
534 1547 645 1599 horrida
661 1546 787 1614 brachiis,

304 1621 470 1689 Fmtresque
486 1621 632 1674 tendentes
649 1637 733 1689 opaco
766 1661 772 1680 ,

339 1695 433 1748 Pelion
449 1695 609 1762 imposuisse
627 1693 748 1767 Olympo.

270 1769 326 1824 Sed
343 1768 411 1839 quid
428 1769 568 1842 Typhoeus
586 1773 615 1823 et
632 1769 737 1822 validus
755 1770 862 1840 Mimas,

270 1847 329 1899 Aut
346 1844 413 1914 quid
430 1844 528 1898 minaci
546 1844 712 1912 Porphyrion
730 1847 811 1912 statu,

304 1920 376 1986 Quid
394 1920 517 1974 Rhoetus
534 1919 686 1988 evulsisque
703 1919 808 1972 truncis

337 1995 488 2049 Enceladus
501 1994 636 2063 jaculator
653 1994 741 2047 audax

269 2071 370 2124 Contra
387 2073 526 2123 sonantem
545 2069 663 2122 Palladis
680 2069 777 2136 aegida
800 2119 805 2124 „

269 2145 384 2199 Possent
401 2147 532 2199 ruentes?
567 2145 640 2198 Hinc
657 2145 753 2197 avidus
771 2145 850 2198 stetit

302 2220 447 2288 Vulcanus,
464 2219 528 2272 hino
543 2223 667 2272 matrona
684 2219 758 2271 Juno
775 2223 804 2272 et
849 2279 854 2286 ¹

277 2293 281 2320 ³
335 2295 482 2364 Nunquam
499 2294 620 2347 humeris
637 2294 774 2362 positurus
791 2309 891 2362 arcum,

267 2369 321 2434 Qui
337 2387 400 2423 rore
417 2385 485 2438 puro
503 2369 636 2422 Castaliae
653 2367 720 2420 iuvit

268 2442 364 2500 Crines
381 2444 490 2510 solutos,
508 2441 668 2510 quincine
686 2443 762 2494 tenet

276 2541 278 2549 ·
300 2518 420 2572 Dumeto
435 2515 608 2584 natalemque
626 2515 727 2579 silvum,

335 2593 430 2646 Delius
448 2595 477 2645 et
495 2591 625 2644 Patareus
644 2590 749 2659 Apollo.

212 2663 215 2668 ‘
265 2667 317 2721 Vis
333 2667 426 2721 consili
444 2681 542 2736 expers
559 2665 630 2720 mole
647 2666 703 2719 ruit
719 2681 784 2724 sue:
825 2725 829 2734 „

268 2743 331 2798 Vim
347 2746 528 2811 temperatam
546 2741 575 2794 di
593 2757 700 2810 quoque
717 2739 868 2810 provehunt

300 2819 333 2872 In
352 2818 457 2886 majus3
474 2817 548 2870 idem
567 2817 649 2870 odere
666 2817 738 2869 vires

334 2889 421 2946 Omne
438 2892 513 2946 nefas
530 2892 619 2944 animo
636 2893 783 2946 moventes.

265 2963 353 3022 'lestis
370 2983 492 3022 mearum
509 2966 676 3020 centimanus
694 2964 766 3032 Gyas
816 2971 825 2988 ·

264 3043 473 3109 Sententiarum,
492 3044 572 3094 notus
590 3045 619 3093 ct
636 3041 758 3106 integrao

297 3118 428 3172 'lenietur
446 3117 530 3170 Orion
548 3115 653 3167 Dinnuo

331 3193 462 3262 Virginea
478 3191 597 3246 domitus
614 3189 722 3259 sagitta.
