2288 3444
184 129 215 178 oo

456 131 608 181 nonaum
626 89 755 180 rnaocr

321 210 390 266 (lum
407 227 458 282 per
474 211 615 268 obstantes
627 209 760 280 juvenum
777 214 902 270 catervas

321 286 379 341 lbit
394 287 527 356 insignem
544 289 672 356 repetens
690 286 853 354 Nearchum,

320 362 431 418 Grande
448 366 586 418 certamen
603 359 656 416 iibi
672 361 776 430 praeda
793 363 875 417 cedat

354 437 445 505 Major
462 454 497 492 an
514 437 561 492 illi.

319 511 442 579 Interim,
461 512 527 566 dum
545 516 577 566 tu
594 511 696 566 celeres
715 511 829 580 sagittas

212 607 216 614 ·
320 585 433 654 Promis,
450 586 516 640 haec
534 585 631 639 dentes
648 585 720 640 acuit
737 586 880 655 timendos,
1010 608 1029 651 η

318 660 434 714 Arbiter
450 677 557 730 pugnae
574 659 696 728 posuisse
713 659 787 714 nudo

352 735 409 788 Sub
425 735 498 805 pede
514 735 631 804 palmam

318 809 427 878 Fertur,
445 814 474 864 et
490 809 546 864 loni
563 825 686 863 recreare
703 813 784 863 vento

317 884 446 952 Sparsum
463 883 584 938 odoratis
601 884 744 938 humerum
761 885 872 956 capillis,

317 959 409 1023 Qualis
426 963 475 1014 aut
492 959 592 1013 Nireus
609 960 662 1014 fuit
678 963 727 1014 aut
743 975 845 1029 aquosa
1007 976 1031 1018 re

350 1033 457 1104 Raptus
474 1034 509 1089 ab
528 1034 587 1089 lda

561 1241 639 1297 XXI.

315 1333 339 1388 0
355 1347 429 1388 rnre
446 1349 551 1388 naccum
569 1333 679 1388 consule
696 1331 807 1400 Manlio,

313 1409 369 1463 Seu
386 1413 418 1462 tu
436 1408 560 1476 querelas
577 1408 633 1460 sive
650 1407 723 1474 geris
735 1407 813 1474 jocos

338 1483 403 1540 Seu
419 1483 507 1536 rixam
525 1487 555 1536 ct
571 1482 678 1535 insanos
696 1498 800 1534 amores

382 1557 438 1612 Seu
453 1557 567 1624 facilem,
586 1557 631 1624 pia
648 1559 729 1623 testa,
747 1573 877 1622 somnum,
932 1554 934 1559 '

314 1631 479 1702 Quocunque
495 1631 597 1686 lectum
614 1631 723 1684 nomine
740 1629 886 1696 Massicum
1012 1648 1029 1690 a

312 1707 417 1774 Servos,
434 1707 537 1760 moveri
554 1705 638 1773 digna
654 1705 725 1760 bono
742 1707 796 1770 die,

346 1781 495 1846 Descende,
514 1779 759 1847 Corvino‘ju'bente

380 1856 509 1908 Promere
526 1855 696 1922 languidiora
712 1856 781 1909 rina
866 1879 868 1883 ·

312 1929 375 1982 Non
391 1929 444 1997 ille,
461 1946 625 1998 quamquam
643 1930 785 1982 Socraticis
803 1931 896 1986 madet

312 2004 494 2075 Sermonibus,
512 2008 542 2058 te
558 2005 684 2072 negleget
700 2004 841 2058 horridus:
998 2026 1022 2062 ro

345 2079 480 2145 Narratur
497 2083 527 2134 et
543 2079 625 2148 prisci
643 2079 754 2132 Catonis
779 2119 789 2148 3

380 2153 466 2222 Saepe
483 2170 558 2207 mero
575 2153 688 2212 caluisse
701 2155 798 2216 uirtus.

256 2253 260 2262 ·
311 2227 353 2281 'lu
368 2227 431 2282 lene
447 2232 613 2282 tormentum
630 2227 738 2296 ingenio
757 2229 886 2284 admoves

311 2301 475 2371 Plerumque
493 2301 576 2368 duro;
593 2306 626 2356 tu
643 2303 805 2370 sapientium

345 2377 431 2431 Ouras
448 2379 478 2430 et
494 2391 620 2430 arcanum
633 2375 727 2444 jocoso

378 2435 529 2505 Consiliuni
546 2451 645 2518 retegis
664 2451 771 2519 Lyaeo;
791 2487 795 2494 -
861 2519 863 2526 γ

309 2523 351 2578 Τιι
368 2541 444 2592 spem
461 2525 569 2580 reducis
586 2526 720 2579 mentibus
738 2527 825 2580 anxiis

310 2598 452 2666 Viresque,
470 2603 500 2652 et
516 2599 596 2652 addis
613 2617 713 2653 cornua
730 2604 862 2670 pauperi;

343 2673 411 2724 Post
427 2675 456 2724 to
473 2689 562 2740 neque
579 2674 664 2726 iratos
681 2677 810 2728 trementi
856 2673 859 2678 ⁴

378 2745 484 2810 Regum
502 2745 591 2812 apices
607 2763 695 2814 neque
713 2750 829 2802 militum
847 2767 929 2804 arma.
991 2767 1017 2808 to

309 2818 348 2872 ue
366 2816 449 2868 Liber
466 2820 502 2882 et,
521 2817 543 2868 si
561 2817 632 2872 laeta
650 2821 747 2886 aderit,
767 2821 861 2875 Vonns
1120 2823 1121 2836 ¹

308 2892 464 2957 Segnesquo
481 2890 583 2943 nodum
601 2893 703 2946 solvere
723 2895 832 2949 Gratiae

342 2963 483 3031 vivaeque
499 2964 651 3035 producent
667 2967 802 3032 lucernae,

376 3035 449 3089 Dum
467 3037 576 3090 rediens
592 3036 669 3103 fugat
686 3043 760 3094 ostra
779 3042 911 3100 Plrocbus.
