<?xml version="1.0" encoding="UTF-8"?>
<!DOCTYPE html PUBLIC "-//W3C//DTD XHTML 1.0 Transitional//EN"
    "http://www.w3.org/TR/xhtml1/DTD/xhtml1-transitional.dtd">
<html xmlns="http://www.w3.org/1999/xhtml" xml:lang="en" lang="en">
 <head>
  <title>
</title>
<meta http-equiv="Content-Type" content="text/html;charset=utf-8" />
  <meta name='ocr-system' content='tesseract 3.04.00' />
  <meta name='ocr-capabilities' content='ocr_page ocr_carea ocr_par ocr_line ocrx_word'/>
</head>
<body>
  <div class='ocr_page' id='page_1' title='image "./operaomniaexrec00horagoog_0042.png"; bbox 0 0 2268 3448; ppageno 0'>
   <div class='ocr_carea' id='block_1_1' title="bbox 419 193 990 243">
    <p class='ocr_par' dir='ltr' id='par_1_1' title="bbox 419 193 990 243">
     <span class='ocr_line' id='line_1_1' title="bbox 419 193 990 243; baseline -0.007 -1"><span class='ocrx_word' id='word_1_1' title='bbox 419 193 624 243; x_wconf 69' lang='lat' dir='ltr'>oARMIreUM</span> <span class='ocrx_word' id='word_1_2' title='bbox 640 194 678 243; x_wconf 90' lang='lat'>11.</span> <span class='ocrx_word' id='word_1_3' title='bbox 697 196 721 242; x_wconf 81' lang='lat'>5.</span> <span class='ocrx_word' id='word_1_4' title='bbox 818 227 821 232; x_wconf 70' lang='lat'><em>,</em></span> <span class='ocrx_word' id='word_1_5' title='bbox 960 194 990 238; x_wconf 71' lang='lat'>29</span> 
     </span>
    </p>
   </div>
   <div class='ocr_carea' id='block_1_2' title="bbox 281 272 994 1154">
    <p class='ocr_par' dir='ltr' id='par_1_2' title="bbox 281 272 994 1154">
     <span class='ocr_line' id='line_1_2' title="bbox 282 272 733 341; baseline 0.004 -16"><span class='ocrx_word' id='word_1_6' title='bbox 282 272 394 326; x_wconf 82' lang='lat' dir='ltr'>Nescius</span> <span class='ocrx_word' id='word_1_7' title='bbox 411 289 446 326; x_wconf 87' lang='lat' dir='ltr'>an</span> <span class='ocrx_word' id='word_1_8' title='bbox 463 277 493 327; x_wconf 87' lang='lat' dir='ltr'>te</span> <span class='ocrx_word' id='word_1_9' title='bbox 509 289 641 341; x_wconf 76' lang='lat' dir='ltr'><strong>generum</strong></span> <span class='ocrx_word' id='word_1_10' title='bbox 658 272 733 328; x_wconf 86' lang='lat' dir='ltr'>beati</span> 
     </span>
     <span class='ocr_line' id='line_1_3' title="bbox 282 346 824 416; baseline 0.006 -17"><span class='ocrx_word' id='word_1_11' title='bbox 282 346 414 414; x_wconf 77' lang='lat' dir='ltr'><strong>Phyllidis</strong></span> <span class='ocrx_word' id='word_1_12' title='bbox 430 347 517 401; x_wconf 84' lang='lat' dir='ltr'>flavae</span> <span class='ocrx_word' id='word_1_13' title='bbox 534 347 664 402; x_wconf 84' lang='lat' dir='ltr'>decorent</span> <span class='ocrx_word' id='word_1_14' title='bbox 681 351 824 416; x_wconf 83' lang='lat' dir='ltr'>parentes:</span> 
     </span>
     <span class='ocr_line' id='line_1_4' title="bbox 282 421 994 491; baseline 0.001 -17"><span class='ocrx_word' id='word_1_15' title='bbox 282 421 398 488; x_wconf 84' lang='lat' dir='ltr'>Regium</span> <span class='ocrx_word' id='word_1_16' title='bbox 415 427 490 477; x_wconf 79' lang='lat' dir='ltr'>certo</span> <span class='ocrx_word' id='word_1_17' title='bbox 507 439 593 491; x_wconf 86' lang='lat' dir='ltr'>genus</span> <span class='ocrx_word' id='word_1_18' title='bbox 610 426 640 477; x_wconf 89' lang='lat' dir='ltr'>et</span> <span class='ocrx_word' id='word_1_19' title='bbox 657 425 770 490; x_wconf 84' lang='lat' dir='ltr'>penates</span> <span class='ocrx_word' id='word_1_20' title='bbox 971 433 994 475; x_wconf 76' lang='lat'>1³</span> 
     </span>
     <span class='ocr_line' id='line_1_5' title="bbox 316 497 554 567; baseline 0.008 -17"><span class='ocrx_word' id='word_1_21' title='bbox 316 497 424 552; x_wconf 83' lang='lat' dir='ltr'>Maeret</span> <span class='ocrx_word' id='word_1_22' title='bbox 439 499 554 567; x_wconf 86' lang='lat' dir='ltr'>iniquos.</span> 
     </span>
     <span class='ocr_line' id='line_1_6' title="bbox 281 571 786 628; baseline 0 -2"><span class='ocrx_word' id='word_1_23' title='bbox 281 571 371 627; x_wconf 78' lang='lat' dir='ltr'>(irede</span> <span class='ocrx_word' id='word_1_24' title='bbox 387 589 447 627; x_wconf 91' lang='lat' dir='ltr'>non·</span> <span class='ocrx_word' id='word_1_25' title='bbox 458 573 533 627; x_wconf 82' lang='lat' dir='ltr'>illam</span> <span class='ocrx_word' id='word_1_26' title='bbox 550 573 601 628; x_wconf 88' lang='lat' dir='ltr'>tibi</span> <span class='ocrx_word' id='word_1_27' title='bbox 619 573 654 628; x_wconf 87' lang='lat' dir='ltr'>de</span> <span class='ocrx_word' id='word_1_28' title='bbox 672 573 786 627; x_wconf 83' lang='lat' dir='ltr'>scelesta</span> 
     </span>
     <span class='ocr_line' id='line_1_7' title="bbox 282 646 815 716; baseline 0 -17"><span class='ocrx_word' id='word_1_29' title='bbox 282 646 366 701; x_wconf 90' lang='lat' dir='ltr'>Plebe</span> <span class='ocrx_word' id='word_1_30' title='bbox 384 648 518 715; x_wconf 74' lang='lat' dir='ltr'>dilectam,</span> <span class='ocrx_word' id='word_1_31' title='bbox 535 665 625 716; x_wconf 87' lang='lat' dir='ltr'>neque</span> <span class='ocrx_word' id='word_1_32' title='bbox 642 648 681 702; x_wconf 91' lang='lat' dir='ltr'>sic</span> <span class='ocrx_word' id='word_1_33' title='bbox 698 647 815 715; x_wconf 87' lang='lat' dir='ltr'>fidelem,</span> 
     </span>
     <span class='ocr_line' id='line_1_8' title="bbox 282 721 794 792; baseline -0.004 -15"><span class='ocrx_word' id='word_1_34' title='bbox 282 721 327 777; x_wconf 79' lang='lat' dir='ltr'>sie</span> <span class='ocrx_word' id='word_1_35' title='bbox 344 723 419 777; x_wconf 87' lang='lat' dir='ltr'>lucro</span> <span class='ocrx_word' id='word_1_36' title='bbox 436 740 566 792; x_wconf 83' lang='lat' dir='ltr'>aversam,</span> <span class='ocrx_word' id='word_1_37' title='bbox 583 723 705 792; x_wconf 84' lang='lat' dir='ltr'>potuisse</span> <span class='ocrx_word' id='word_1_38' title='bbox 721 722 794 776; x_wconf 83' lang='lat' dir='ltr'>nasci</span> 
     </span>
     <span class='ocr_line' id='line_1_9' title="bbox 316 797 992 868; baseline 0.003 -18"><span class='ocrx_word' id='word_1_39' title='bbox 316 797 407 852; x_wconf 86' lang='lat' dir='ltr'>Matre</span> <span class='ocrx_word' id='word_1_40' title='bbox 423 799 558 868; x_wconf 77' lang='lat' dir='ltr'>pudenda</span> <span class='ocrx_word' id='word_1_41' title='bbox 967 812 992 852; x_wconf 71' lang='lat' dir='ltr'>n</span> 
     </span>
     <span class='ocr_line' id='line_1_10' title="bbox 282 871 836 942; baseline 0.002 -17"><span class='ocrx_word' id='word_1_42' title='bbox 282 871 397 928; x_wconf 80' lang='lat' dir='ltr'><strong>Brachia</strong></span> <span class='ocrx_word' id='word_1_43' title='bbox 414 879 445 928; x_wconf 83' lang='lat' dir='ltr'>ot</span> <span class='ocrx_word' id='word_1_44' title='bbox 461 875 566 929; x_wconf 89' lang='lat' dir='ltr'>vultum</span> <span class='ocrx_word' id='word_1_45' title='bbox 583 877 741 942; x_wconf 80' lang='lat' dir='ltr'>teretesque</span> <span class='ocrx_word' id='word_1_46' title='bbox 758 887 836 927; x_wconf 86' lang='lat' dir='ltr'>suras</span> 
     </span>
     <span class='ocr_line' id='line_1_11' title="bbox 282 947 745 1016; baseline 0.004 -16"><span class='ocrx_word' id='word_1_47' title='bbox 282 947 396 1015; x_wconf 81' lang='lat' dir='ltr'>Integer</span> <span class='ocrx_word' id='word_1_48' title='bbox 413 948 508 1015; x_wconf 81' lang='lat' dir='ltr'>lnud03</span> <span class='ocrx_word' id='word_1_49' title='bbox 524 950 589 1016; x_wconf 85' lang='lat' dir='ltr'>fuge</span> <span class='ocrx_word' id='word_1_50' title='bbox 607 948 745 1016; x_wconf 87' lang='lat' dir='ltr'>suspicari,</span> 
     </span>
     <span class='ocr_line' id='line_1_12' title="bbox 282 1021 769 1092; baseline 0 -14"><span class='ocrx_word' id='word_1_51' title='bbox 282 1021 368 1089; x_wconf 79' lang='lat' dir='ltr'>Cujus</span> <span class='ocrx_word' id='word_1_52' title='bbox 385 1027 510 1077; x_wconf 74' lang='lat' dir='ltr'>octauum</span> <span class='ocrx_word' id='word_1_53' title='bbox 527 1022 676 1092; x_wconf 79' lang='lat' dir='ltr'>trepidarit</span> <span class='ocrx_word' id='word_1_54' title='bbox 692 1026 769 1078; x_wconf 84' lang='lat' dir='ltr'>aetas</span> 
     </span>
     <span class='ocr_line' id='line_1_13' title="bbox 316 1097 591 1154; baseline 0.007 -2"><span class='ocrx_word' id='word_1_55' title='bbox 316 1097 450 1152; x_wconf 86' lang='lat' dir='ltr'>Claudero</span> <span class='ocrx_word' id='word_1_56' title='bbox 467 1099 591 1154; x_wconf 80' lang='lat' dir='ltr'>lustrum</span> 
     </span>
    </p>
   </div>
   <div class='ocr_carea' id='block_1_3' title="bbox 548 1289 583 1345">
    <p class='ocr_par' dir='ltr' id='par_1_3' title="bbox 548 1289 583 1345">
     <span class='ocr_line' id='line_1_14' title="bbox 548 1289 583 1345; baseline 0.029 -1"><span class='ocrx_word' id='word_1_57' title='bbox 548 1289 583 1345; x_wconf 85' lang='lat' dir='ltr'>V.</span> 
     </span>
    </p>
   </div>
   <div class='ocr_carea' id='block_1_4' title="bbox 272 1394 985 3195">
    <p class='ocr_par' dir='ltr' id='par_1_4' title="bbox 272 1394 985 3195">
     <span class='ocr_line' id='line_1_15' title="bbox 279 1394 826 1468; baseline 0.004 -18"><span class='ocrx_word' id='word_1_58' title='bbox 279 1394 405 1451; x_wconf 82' lang='lat' dir='ltr'>Nounuu</span> <span class='ocrx_word' id='word_1_59' title='bbox 422 1396 534 1452; x_wconf 81' lang='lat' dir='ltr'>subacta</span> <span class='ocrx_word' id='word_1_60' title='bbox 550 1398 623 1452; x_wconf 83' lang='lat' dir='ltr'>ferre</span> <span class='ocrx_word' id='word_1_61' title='bbox 636 1400 734 1468; x_wconf 81' lang='lat' dir='ltr'>jugum</span> <span class='ocrx_word' id='word_1_62' title='bbox 751 1399 826 1454; x_wconf 79' lang='lat' dir='ltr'>valet</span> 
     </span>
     <span class='ocr_line' id='line_1_16' title="bbox 279 1470 793 1543; baseline 0.006 -18"><span class='ocrx_word' id='word_1_63' title='bbox 279 1470 398 1540; x_wconf 72' lang='lat' dir='ltr'>cervice,</span> <span class='ocrx_word' id='word_1_64' title='bbox 415 1473 535 1526; x_wconf 91' lang='lat' dir='ltr'>nondum</span> <span class='ocrx_word' id='word_1_65' title='bbox 552 1474 645 1528; x_wconf 86' lang='lat' dir='ltr'>munia</span> <span class='ocrx_word' id='word_1_66' title='bbox 661 1475 793 1543; x_wconf 83' lang='lat' dir='ltr'>comparis</span> 
     </span>
     <span class='ocr_line' id='line_1_17' title="bbox 313 1548 719 1615; baseline 0.005 -15"><span class='ocrx_word' id='word_1_67' title='bbox 313 1548 441 1615; x_wconf 75' lang='lat' dir='ltr'>Aequore</span> <span class='ocrx_word' id='word_1_68' title='bbox 458 1565 508 1602; x_wconf 86' lang='lat' dir='ltr'>nec</span> <span class='ocrx_word' id='word_1_69' title='bbox 524 1549 597 1602; x_wconf 76' lang='lat' dir='ltr'>tauri</span> <span class='ocrx_word' id='word_1_70' title='bbox 614 1549 719 1602; x_wconf 89' lang='lat' dir='ltr'>ruentis</span> 
     </span>
     <span class='ocr_line' id='line_1_18' title="bbox 347 1621 791 1691; baseline 0.011 -18"><span class='ocrx_word' id='word_1_71' title='bbox 347 1621 382 1673; x_wconf 92' lang='lat' dir='ltr'>In</span> <span class='ocrx_word' id='word_1_72' title='bbox 399 1638 527 1674; x_wconf 89' lang='lat' dir='ltr'>venerem</span> <span class='ocrx_word' id='word_1_73' title='bbox 543 1622 661 1676; x_wconf 85' lang='lat' dir='ltr'>tolerare</span> <span class='ocrx_word' id='word_1_74' title='bbox 678 1624 791 1691; x_wconf 88' lang='lat' dir='ltr'>pondus.</span> 
     </span>
     <span class='ocr_line' id='line_1_19' title="bbox 278 1695 985 1757; baseline 0.011 -8"><span class='ocrx_word' id='word_1_75' title='bbox 278 1695 357 1750; x_wconf 81' lang='lat' dir='ltr'>(lirou</span> <span class='ocrx_word' id='word_1_76' title='bbox 374 1696 494 1750; x_wconf 79' lang='lat' dir='ltr'>virentes</span> <span class='ocrx_word' id='word_1_77' title='bbox 511 1700 554 1750; x_wconf 85' lang='lat' dir='ltr'>est</span> <span class='ocrx_word' id='word_1_78' title='bbox 571 1697 675 1751; x_wconf 87' lang='lat' dir='ltr'>animus</span> <span class='ocrx_word' id='word_1_79' title='bbox 692 1702 757 1752; x_wconf 82' lang='lat' dir='ltr'>tuae</span> <span class='ocrx_word' id='word_1_80' title='bbox 971 1717 985 1757; x_wconf 74' lang='lat' dir='ltr'>a</span> 
     </span>
     <span class='ocr_line' id='line_1_20' title="bbox 278 1770 867 1842; baseline 0.002 -16"><span class='ocrx_word' id='word_1_81' title='bbox 278 1770 393 1839; x_wconf 77' lang='lat' dir='ltr'>Campos</span> <span class='ocrx_word' id='word_1_82' title='bbox 407 1770 547 1840; x_wconf 85' lang='lat' dir='ltr'>juvencae,</span> <span class='ocrx_word' id='word_1_83' title='bbox 564 1788 636 1826; x_wconf 91' lang='lat' dir='ltr'>nunc</span> <span class='ocrx_word' id='word_1_84' title='bbox 653 1773 742 1827; x_wconf 86' lang='lat' dir='ltr'>fluviis</span> <span class='ocrx_word' id='word_1_85' title='bbox 757 1789 867 1842; x_wconf 83' lang='lat' dir='ltr'>grurcm</span> 
     </span>
     <span class='ocr_line' id='line_1_21' title="bbox 311 1845 765 1915; baseline 0.009 -16"><span class='ocrx_word' id='word_1_86' title='bbox 311 1845 428 1900; x_wconf 85' lang='lat' dir='ltr'>Solantis</span> <span class='ocrx_word' id='word_1_87' title='bbox 445 1850 558 1915; x_wconf 82' lang='lat' dir='ltr'>aestum,</span> <span class='ocrx_word' id='word_1_88' title='bbox 576 1864 648 1902; x_wconf 88' lang='lat' dir='ltr'>nuno</span> <span class='ocrx_word' id='word_1_89' title='bbox 664 1848 693 1902; x_wconf 90' lang='lat' dir='ltr'>in</span> <span class='ocrx_word' id='word_1_90' title='bbox 710 1848 765 1903; x_wconf 92' lang='lat' dir='ltr'>udo</span> 
     </span>
     <span class='ocr_line' id='line_1_22' title="bbox 344 1921 756 1980; baseline 0.007 -4"><span class='ocrx_word' id='word_1_91' title='bbox 344 1921 454 1976; x_wconf 82' lang='lat' dir='ltr'>Ludere</span> <span class='ocrx_word' id='word_1_92' title='bbox 471 1938 533 1976; x_wconf 89' lang='lat' dir='ltr'>oum</span> <span class='ocrx_word' id='word_1_93' title='bbox 550 1923 644 1977; x_wconf 81' lang='lat' dir='ltr'>vitulis</span> <span class='ocrx_word' id='word_1_94' title='bbox 661 1923 756 1980; x_wconf 84' lang='lat' dir='ltr'>salicto</span> 
     </span>
     <span class='ocr_line' id='line_1_23' title="bbox 277 1996 777 2068; baseline 0.012 -18"><span class='ocrx_word' id='word_1_95' title='bbox 277 1996 497 2065; x_wconf 79' lang='lat' dir='ltr'>Praegestientis.</span> <span class='ocrx_word' id='word_1_96' title='bbox 533 1998 607 2052; x_wconf 81' lang='lat' dir='ltr'>&#39;lello</span> <span class='ocrx_word' id='word_1_97' title='bbox 624 1999 777 2068; x_wconf 85' lang='lat' dir='ltr'>cupidinem</span> 
     </span>
     <span class='ocr_line' id='line_1_24' title="bbox 277 2071 983 2140; baseline 0.008 -15"><span class='ocrx_word' id='word_1_98' title='bbox 277 2072 396 2126; x_wconf 76' lang='lat' dir='ltr'>Immitis</span> <span class='ocrx_word' id='word_1_99' title='bbox 413 2089 499 2127; x_wconf 85' lang='lat' dir='ltr'>uvae:</span> <span class='ocrx_word' id='word_1_100' title='bbox 512 2071 572 2140; x_wconf 86' lang='lat' dir='ltr'>jam</span> <span class='ocrx_word' id='word_1_101' title='bbox 589 2073 641 2128; x_wconf 81' lang='lat' dir='ltr'>tibi</span> <span class='ocrx_word' id='word_1_102' title='bbox 658 2074 756 2129; x_wconf 80' lang='lat' dir='ltr'>lividos</span> <span class='ocrx_word' id='word_1_103' title='bbox 945 2076 983 2131; x_wconf 82' lang='lat' dir='ltr'>&#39;ro</span> 
     </span>
     <span class='ocr_line' id='line_1_25' title="bbox 310 2147 795 2216; baseline 0.008 -15"><span class='ocrx_word' id='word_1_104' title='bbox 310 2147 469 2216; x_wconf 81' lang='lat' dir='ltr'>Distinguet</span> <span class='ocrx_word' id='word_1_105' title='bbox 486 2151 659 2203; x_wconf 83' lang='lat' dir='ltr'>Auctumnus</span> <span class='ocrx_word' id='word_1_106' title='bbox 675 2165 795 2205; x_wconf 81' lang='lat' dir='ltr'>racemos</span> 
     </span>
     <span class='ocr_line' id='line_1_26' title="bbox 343 2222 705 2292; baseline 0.006 -16"><span class='ocrx_word' id='word_1_107' title='bbox 343 2222 485 2292; x_wconf 88' lang='lat' dir='ltr'>Purpureo</span> <span class='ocrx_word' id='word_1_108' title='bbox 501 2224 592 2278; x_wconf 81' lang='lat' dir='ltr'>rarius</span> <span class='ocrx_word' id='word_1_109' title='bbox 609 2225 705 2279; x_wconf 87' lang='lat' dir='ltr'>colore.</span> 
     </span>
     <span class='ocr_line' id='line_1_27' title="bbox 275 2297 835 2370; baseline 0.005 -19"><span class='ocrx_word' id='word_1_110' title='bbox 275 2297 339 2351; x_wconf 83' lang='lat' dir='ltr'>Jam</span> <span class='ocrx_word' id='word_1_111' title='bbox 356 2301 385 2352; x_wconf 86' lang='lat' dir='ltr'>te</span> <span class='ocrx_word' id='word_1_112' title='bbox 403 2301 546 2367; x_wconf 83' lang='lat' dir='ltr'>sequetur:</span> <span class='ocrx_word' id='word_1_113' title='bbox 565 2300 651 2354; x_wconf 87' lang='lat' dir='ltr'>currit</span> <span class='ocrx_word' id='word_1_114' title='bbox 669 2300 741 2354; x_wconf 89' lang='lat' dir='ltr'>enim</span> <span class='ocrx_word' id='word_1_115' title='bbox 750 2300 835 2370; x_wconf 70' lang='lat' dir='ltr'>,ferox</span> 
     </span>
     <span class='ocr_line' id='line_1_28' title="bbox 274 2372 787 2442; baseline 0.004 -16"><span class='ocrx_word' id='word_1_116' title='bbox 274 2373 362 2426; x_wconf 78' lang='lat' dir='ltr'>Aetas</span> <span class='ocrx_word' id='word_1_117' title='bbox 379 2375 409 2426; x_wconf 89' lang='lat' dir='ltr'>et</span> <span class='ocrx_word' id='word_1_118' title='bbox 425 2372 465 2426; x_wconf 91' lang='lat' dir='ltr'>illi</span> <span class='ocrx_word' id='word_1_119' title='bbox 483 2389 550 2440; x_wconf 90' lang='lat' dir='ltr'>quos</span> <span class='ocrx_word' id='word_1_120' title='bbox 567 2374 619 2427; x_wconf 84' lang='lat' dir='ltr'>tibi</span> <span class='ocrx_word' id='word_1_121' title='bbox 637 2374 787 2442; x_wconf 86' lang='lat' dir='ltr'>dempserit</span> 
     </span>
     <span class='ocr_line' id='line_1_29' title="bbox 308 2447 985 2516; baseline 0.012 -17"><span class='ocrx_word' id='word_1_122' title='bbox 308 2447 439 2514; x_wconf 81' lang='lat' dir='ltr'>Apponet</span> <span class='ocrx_word' id='word_1_123' title='bbox 455 2463 556 2512; x_wconf 80' lang='lat' dir='ltr'>annos3</span> <span class='ocrx_word' id='word_1_124' title='bbox 570 2447 629 2514; x_wconf 88' lang='lat' dir='ltr'>jum</span> <span class='ocrx_word' id='word_1_125' title='bbox 646 2452 775 2516; x_wconf 84' lang='lat' dir='ltr'>proterva</span> <span class='ocrx_word' id='word_1_126' title='bbox 963 2465 985 2507; x_wconf 71' lang='grc' dir='ltr'>ιε</span> 
     </span>
     <span class='ocr_line' id='line_1_30' title="bbox 342 2520 817 2590; baseline 0.011 -17"><span class='ocrx_word' id='word_1_127' title='bbox 342 2520 445 2574; x_wconf 82' lang='lat' dir='ltr'>Fronte</span> <span class='ocrx_word' id='word_1_128' title='bbox 461 2525 540 2588; x_wconf 85' lang='lat' dir='ltr'>petet</span> <span class='ocrx_word' id='word_1_129' title='bbox 557 2522 657 2590; x_wconf 81' lang='lat' dir='ltr'>Lalage</span> <span class='ocrx_word' id='word_1_130' title='bbox 673 2522 817 2578; x_wconf 87' lang='lat' dir='ltr'>maritum:</span> 
     </span>
     <span class='ocr_line' id='line_1_31' title="bbox 274 2593 828 2666; baseline 0.004 -17"><span class='ocrx_word' id='word_1_131' title='bbox 274 2593 382 2649; x_wconf 83' lang='lat' dir='ltr'>Dilecta</span> <span class='ocrx_word' id='word_1_132' title='bbox 399 2599 530 2664; x_wconf 85' lang='lat' dir='ltr'>quantum</span> <span class='ocrx_word' id='word_1_133' title='bbox 547 2613 602 2650; x_wconf 91' lang='lat' dir='ltr'>non</span> <span class='ocrx_word' id='word_1_134' title='bbox 620 2596 721 2651; x_wconf 69' lang='lat' dir='ltr'>Pholoe</span> <span class='ocrx_word' id='word_1_135' title='bbox 738 2593 828 2666; x_wconf 79' lang='lat' dir='ltr'>fugax,</span> 
     </span>
     <span class='ocr_line' id='line_1_32' title="bbox 273 2669 840 2742; baseline 0.005 -18"><span class='ocrx_word' id='word_1_136' title='bbox 273 2669 300 2724; x_wconf 89' lang='lat' dir='ltr'>N</span> <span class='ocrx_word' id='word_1_137' title='bbox 302 2686 336 2723; x_wconf 96' lang='lat' dir='ltr'>on</span> <span class='ocrx_word' id='word_1_138' title='bbox 354 2669 460 2724; x_wconf 82' lang='lat' dir='ltr'>Chloris</span> <span class='ocrx_word' id='word_1_139' title='bbox 478 2671 539 2725; x_wconf 88' lang='lat' dir='ltr'>albo</span> <span class='ocrx_word' id='word_1_140' title='bbox 557 2672 596 2726; x_wconf 90' lang='lat' dir='ltr'>sic</span> <span class='ocrx_word' id='word_1_141' title='bbox 613 2672 726 2728; x_wconf 86' lang='lat' dir='ltr'>humero</span> <span class='ocrx_word' id='word_1_142' title='bbox 743 2675 840 2742; x_wconf 85' lang='lat' dir='ltr'>nitens,</span> 
     </span>
     <span class='ocr_line' id='line_1_33' title="bbox 307 2745 714 2814; baseline 0.007 -14"><span class='ocrx_word' id='word_1_143' title='bbox 307 2745 349 2800; x_wconf 87' lang='lat' dir='ltr'>Ut</span> <span class='ocrx_word' id='word_1_144' title='bbox 364 2761 434 2814; x_wconf 84' lang='lat' dir='ltr'>pura</span> <span class='ocrx_word' id='word_1_145' title='bbox 450 2751 582 2802; x_wconf 85' lang='lat' dir='ltr'>nocturno</span> <span class='ocrx_word' id='word_1_146' title='bbox 598 2749 714 2803; x_wconf 87' lang='lat' dir='ltr'>renidet-</span> 
     </span>
     <span class='ocr_line' id='line_1_34' title="bbox 342 2819 985 2893; baseline 0.009 -19"><span class='ocrx_word' id='word_1_147' title='bbox 342 2819 419 2874; x_wconf 85' lang='lat' dir='ltr'>Lunn</span> <span class='ocrx_word' id='word_1_148' title='bbox 435 2822 511 2889; x_wconf 87' lang='lat' dir='ltr'>mari,</span> <span class='ocrx_word' id='word_1_149' title='bbox 531 2822 677 2878; x_wconf 79' lang='lat' dir='ltr'>Cnidiusve</span> <span class='ocrx_word' id='word_1_150' title='bbox 695 2824 791 2893; x_wconf 82' lang='lat' dir='ltr'>Gyges,</span> <span class='ocrx_word' id='word_1_151' title='bbox 961 2841 985 2880; x_wconf 81' lang='lat' dir='ltr'>so</span> 
     </span>
     <span class='ocr_line' id='line_1_35' title="bbox 273 2895 821 2965; baseline 0.009 -17"><span class='ocrx_word' id='word_1_152' title='bbox 273 2895 361 2960; x_wconf 85' lang='lat' dir='ltr'>Quom</span> <span class='ocrx_word' id='word_1_153' title='bbox 378 2895 402 2949; x_wconf 91' lang='lat' dir='ltr'>si</span> <span class='ocrx_word' id='word_1_154' title='bbox 419 2897 570 2965; x_wconf 82' lang='lat' dir='ltr'>puellarum</span> <span class='ocrx_word' id='word_1_155' title='bbox 587 2899 721 2952; x_wconf 78' lang='lat' dir='ltr'>insereres</span> <span class='ocrx_word' id='word_1_156' title='bbox 738 2899 821 2953; x_wconf 89' lang='lat' dir='ltr'>choro</span> 
     </span>
     <span class='ocr_line' id='line_1_36' title="bbox 272 2971 733 3042; baseline 0 -16"><span class='ocrx_word' id='word_1_157' title='bbox 272 2971 344 3026; x_wconf 86' lang='lat' dir='ltr'>Mire</span> <span class='ocrx_word' id='word_1_158' title='bbox 362 2987 471 3040; x_wconf 75' lang='lat' dir='ltr'>sagaces</span> <span class='ocrx_word' id='word_1_159' title='bbox 488 2973 595 3027; x_wconf 83' lang='lat' dir='ltr'>falleret</span> <span class='ocrx_word' id='word_1_160' title='bbox 611 2973 733 3042; x_wconf 86' lang='lat' dir='ltr'>hospites</span> 
     </span>
     <span class='ocr_line' id='line_1_37' title="bbox 305 3047 733 3102; baseline 0 -1"><span class='ocrx_word' id='word_1_161' title='bbox 305 3047 458 3102; x_wconf 86' lang='lat' dir='ltr'>Discrimen</span> <span class='ocrx_word' id='word_1_162' title='bbox 475 3047 619 3102; x_wconf 89' lang='lat' dir='ltr'>obscurum</span> <span class='ocrx_word' id='word_1_163' title='bbox 637 3049 733 3102; x_wconf 85' lang='lat' dir='ltr'>solutis</span> 
     </span>
     <span class='ocr_line' id='line_1_38' title="bbox 340 3121 767 3195; baseline 0.009 -16"><span class='ocrx_word' id='word_1_164' title='bbox 340 3121 467 3179; x_wconf 78' lang='lat' dir='ltr'>Crinious</span> <span class='ocrx_word' id='word_1_165' title='bbox 485 3123 665 3195; x_wconf 81' lang='lat' dir='ltr'>ambiguoque</span> <span class='ocrx_word' id='word_1_166' title='bbox 682 3124 767 3184; x_wconf 69' lang='lat' dir='ltr'>vultu.</span> 
     </span>
    </p>
   </div>
   <div class='ocr_carea' id='block_1_5' title="bbox 0 0 1138 3448">
    <p class='ocr_par' dir='ltr' id='par_1_5' title="bbox 0 0 1138 3448">
     <span class='ocr_line' id='line_1_39' title="bbox 0 0 1138 3448; baseline 0 4"><span class='ocrx_word' id='word_1_167' title='bbox 0 0 1138 3448; x_wconf 95' lang='lat' dir='ltr'> </span> 
     </span>
    </p>
   </div>
  </div>
 </body>
</html>
