2268 3448
431 167 635 254 eremmon
652 203 676 254 1.
695 205 733 257 17.

293 289 402 342 stema
420 302 516 339 causae
530 301 583 339 cur
599 285 722 355 perirent

328 360 464 414 Funditus
482 362 708 432 imprimeretque
726 367 810 418 muris

245 434 368 490 ‘Hostile
387 441 507 490 aratrum
525 439 662 492 exercitus
679 433 806 491 insolens.

259 512 407 579 Compesce
425 516 563 568 mentem:
581 531 625 567 me
644 530 752 583 quoque
771 517 886 581 pectoris

294 587 423 642 'lentavit
439 588 468 641 in
485 587 558 642 dulei
571 587 688 656 juventa

272 677 278 688 ·
329 663 433 717 Feruor
450 663 525 717 etin
542 664 645 717 celeres
662 663 768 717 'iambos

260 735 338 790 Misit
355 737 505 802 furentem3
522 753 594 790 nune
611 754 661 806 ego
678 737 790 791 mitibus

261 809 370 864 Mutare
388 828 488 879 quaero
505 811 602 879 tristia,
622 813 688 865 dum
706 811 772 865 mihi

296 885 319 938 F
320 885 360 937 ias
377 886 524 939 recantatis
541 887 628 939 amica

330 959 490 1028 Opprobriis
506 961 680 1029 animumque
698 960 805 1015 reddas.

535 1099 631 1154 XVII.

260 1183 360 1236 Venox
378 1197 520 1236 amoenum
538 1197 620 1250 saepe
638 1182 800 1238 Lucretilem

260 1259 352 1313 Mutat
370 1256 474 1326 Lycaeo
493 1256 603 1310 Faunus
620 1261 650 1311 et
667 1258 775 1325 igneam

294 1332 426 1386 Defendit
443 1335 576 1386 aestatem
593 1332 703 1400 capellis

329 1407 424 1476 Usque
441 1406 511 1461 meis
528 1407 687 1476 pluviosque
705 1412 808 1464 ventos.

261 1483 377 1550 Impune
394 1485 486 1536 tutum
503 1499 554 1552 per
570 1499 667 1536 nemus
683 1483 796 1537 arbutos

260 1557 402 1621 Quaerunt
417 1556 536 1611 latentes
553 1560 583 1610 et
599 1557 693 1625 thyma
710 1557 803 1612 deviae

296 1633 405 1690 Olentis
418 1647 517 1684 uxores
534 1632 633 1697 mariti,

329 1706 354 1758 N
357 1722 388 1758 ec
405 1704 507 1758 virides
524 1709 651 1760 metuunt
668 1706 791 1761 colubras

260 1781 287 1835 N
289 1797 320 1835 ec
338 1780 478 1834 Martiales
497 1780 640 1834 Haediliae
658 1780 743 1848 lupos,

260 1857 406 1925 Utcmrque
424 1855 504 1923 dulci,
522 1855 647 1924 Tyndari,
665 1856 756 1911 fistula

294 1933 386 1986 Valles
404 1935 434 1986 et
452 1931 564 1985 Usticae
581 1932 705 1986 cubantis

327 2007 411 2061 Levia
427 2022 591 2074 personuere
609 2023 681 2060 saxa.

169 2101 174 2106 ·
261 2079 296 2136 Di
313 2099 358 2136 me
376 2085 495 2149 tuentur,
514 2080 662 2150 dispicias
679 2097 742 2137 mea

261 2155 297 2211 Iit
316 2157 395 2210 Musa
412 2156 488 2211 cordi
505 2160 555 2210 est.
591 2156 645 2210 Hie
662 2156 714 2210 tibi
732 2162 808 2225 copia

293 2232 423 2286 Manabit-
433 2231 470 2285 ad
486 2231 597 2299 plenum
615 2231 733 2300 benigno

328 2307 410 2360 Ituris
425 2306 559 2360 honorum
577 2307 704 2374 opulenta
721 2322 808 2362 cornu

259 2381 313 2436 Hic
330 2381 359 2434 in
376 2381 491 2434 reducta
507 2381 577 2434 vallo
594 2380 737 2434 Caniculae

260 2456 367 2510 Vitabis
385 2460 477 2509 aestus
494 2459 523 2508 et
540 2455 595 2508 fide
613 2455 680 2508 Tela

293 2531 375 2584 Dices
392 2529 548 2583 laborantes
565 2529 594 2582 in
612 2545 665 2581 uno

328 2603 481 2672 Penelopen
499 2604 666 2672 vitreamque
684 2603 796 2672 Circcn;
901 2617 903 2624 ’

259 2679 315 2735 Hic
332 2679 480 2732 innocentis
497 2679 594 2748 pocula
612 2678 704 2732 Lesbii

260 2758 350 2811 linces
367 2754 418 2808 sub
435 2753 539 2822 umbra,
556 2771 607 2808 nec
625 2755 777 2809 Semeleius

253 2891 258 2902 ,
295 2829 363 2884 Cum
382 2829 472 2883 Marte
489 2829 638 2884 confundet
655 2829 797 2898 Thyoneus

329 2903 442 2970 Proelia,
461 2920 510 2958 nec
526 2908 633 2958 metues
649 2909 806 2973 protervum

260 2977 391 3045 Suspecta
409 2978 516 3046 Cyrum,
534 2995 570 3031 ne
587 2979 657 3032 nrale
675 2979 777 3046 dispari

260 3051 464 3107 incontinentes
481 3052 585 3120 injiciet
602 3069 698 3106 luanus

294 3127 331 3181 lit
348 3129 453 3183 scindat
472 3129 630 3182 haerentem
648 3144 774 3181 coronam

327 3202 454 3256 Crinibus
471 3204 690 3272 immeritamque
708 3207 818 3256 restem.
