2268 3448
415 187 568 237 HORATII
586 189 716 239 shncci

280 267 431 336 Pauperem
454 267 592 324 laboribus

313 343 432 397 Vocatus
452 347 536 412 atque
555 360 610 398 non
627 347 738 400 vocatus
756 345 842 403 audit.
967 365 994 408 te

526 483 605 538 XIX.

278 563 419 620 Bsocnuu
439 565 468 618 in
488 565 601 620 remotis
619 565 738 620 earmina
755 565 869 636 mnibus

278 637 344 694 Vidi
363 639 645 695 docentem—credite
662 641 800 709 posteri-

311 714 503 784 Nymphasque
522 714 658 770 discentes
678 719 708 770 et
725 731 804 769 aures

346 789 529 859 Capripedum
551 793 707 858 Satyrorum
724 794 824 846 acutas.

277 863 360 932 Euoe,
378 866 481 919 recenti
499 883 575 919 mens
594 865 716 934 trepidat
735 869 811 918 metu
976 879 991 922 t

277 939 415 1008 Plenoque
434 941 533 994 Bncohi
551 944 660 1010 pectore
679 939 818 994 turbidum

310 1015 448 1071 Laetatur.
483 1017 565 1084 Euoe,
586 1031 667 1086 paros
685 1014 776 1082 hiber,

345 1090 437 1160 Parce,
454 1091 531 1160 gravi
550 1089 696 1144 metuende
713 1090 823 1158 thyrso!

278 1163 332 1218 Pas
349 1167 501 1234 pervicaces
519 1170 562 1220 est
580 1165 647 1218 mihi
666 1164 800 1234 Thyiadas
911 1183 916 1192 ·

276 1240 395 1311 Viniqne
413 1242 516 1295 fontem
534 1241 623 1295 lactis
633 1244 663 1294 et
677 1240 776 1294 uberes
964 1253 988 1294 m

310 1315 429 1370 Cantare
449 1317 528 1384 rivos
545 1320 628 1386 atque
645 1316 750 1370 tunicis

344 1391 433 1460 Lapsa'
444 1392 522 1446 'cavis
540 1391 642 1456 iterare
659 1391 757 1456 mella;

275 1463 329 1521 Pas
347 1470 376 1522 et
395 1465 491 1520 beatae
509 1466 632 1535 conjugis
650 1465 775 1520 additum
815 1519 818 1525 ,

275 1541 367 1596 Stellis
385 1541 520 1612 honorem,
540 1545 667 1611 tectoque
688 1541 803 1595 Penthei

308 1616 432 1688 Disjeeta
450 1635 505 1672 non
525 1617 580 1671 leni
597 1617 682 1685 ruina,
962 1631 985 1671 u

342 1691 452 1748 'ihraois
470 1697 500 1749 et
520 1693 634 1748 exitium
653 1692 774 1762 Lycurgi

274 1767 315 1821 uu
332 1769 419 1823 flectis
438 1785 539 1836 amnes,
558 1772 590 1822 tu
608 1784 683 1821 mare
703 1767 856 1836 barbarum,

273 1843 314 1896 'Pu
334 1844 465 1911 separatis
483 1843 580 1896 uvidus
599 1843 628 1896 in
644 1843 719 1911 jugis

285 1931 289 1938 ’
306 1917 333 1970 Ν
335 1917 388 1970 odo
407 1923 515 1972 coerces
533 1919 654 1986 viperino
1124 1973 1125 1984 ,

341 1991 513 2046 Bistonidum
531 1993 589 2046 sine
606 1993 703 2046 fraude
723 1993 826 2049 crines:
958 2010 982 2049 aa
1124 1987 1125 2056 r

272 2065 321 2134 Tu,
339 2083 398 2120 oum
417 2068 538 2136 parentis
558 2069 643 2136 regna
659 2073 712 2136 per-
727 2069 841 2122 arduum
1124 2063 1125 2094 ³

272 2139 374 2195 Cohors
395 2143 541 2210 Gigantum
562 2143 704 2197 scanderet
721 2143 810 2211 impio,

306 2215 442 2271 Rhoetum
461 2219 595 2273 retorsisti
616 2219 703 2272 leonis

339 2291 483 2360 Unguibus
501 2295 677 2363 horribihque
696 2295 782 2361 mala3

270 2365 439 2437 Quamquam
459 2369 671 2438 choreisaptior
689 2373 718 2423 et
734 2371 805 2438 jocis
956 2387 982 2428 2⁵

269 2441 402 2512 hudoque
422 2444 513 2498 dictus
533 2461 586 2498 non
605 2448 648 2498 sat
667 2445 782 2500 idoneus

303 2517 414 2585 Pugnae
433 2520 580 2574 ferebaris:
599 2520 741 2574 sedidem
762 2565 763 2570 ,

337 2593 415 2647 Pacis
434 2611 494 2646 eras
512 2595 673 2664 mediusque
693 2596 765 2652 belli.

267 2663 306 2718 'ie
328 2667 396 2720 uidit
415 2668 506 2720 insons
526 2669 660 2724 Cerberus
675 2675 761 2725 'aureo

268 2738 359 2792 Cornu
380 2741 514 2808 decorum,
534 2742 634 2796 leniter
651 2749 773 2800 atterens
955 2762 980 2804 ao
1124 2765 1125 2780 ³

302 2813 430 2883 Caudam,
452 2819 481 2868 et
501 2816 654 2870 recedentis
671 2821 795 2888 trilingui
1124 2801 1125 2852 Ῑ

336 2887 391 2942 Ore
411 2889 497 2957 pedes
515 2890 663 2959 tetigitque
683 2909 769 2950 crura
1124 2855 1125 2932 X

523 3028 585 3084 XX.

266 3102 331 3160 Nou
349 3110 450 3164 usitata
467 3126 518 3164 neo
536 3111 612 3164 tenni
630 3112 702 3164 ferar

268 3180 360 3234 Peuna
379 3182 501 3236 biformis
519 3200 569 3250 per
588 3184 721 3252 liquidum
740 3189 854 3246 aethera
