<?xml version="1.0" encoding="UTF-8"?>
<!DOCTYPE html PUBLIC "-//W3C//DTD XHTML 1.0 Transitional//EN"
    "http://www.w3.org/TR/xhtml1/DTD/xhtml1-transitional.dtd">
<html xmlns="http://www.w3.org/1999/xhtml" xml:lang="en" lang="en">
 <head>
  <title>
</title>
<meta http-equiv="Content-Type" content="text/html;charset=utf-8" />
  <meta name='ocr-system' content='tesseract 3.04.00' />
  <meta name='ocr-capabilities' content='ocr_page ocr_carea ocr_par ocr_line ocrx_word'/>
</head>
<body>
  <div class='ocr_page' id='page_1' title='image "./operaomniaexrec00horagoog_0028.png"; bbox 0 0 2268 3448; ppageno 0'>
   <div class='ocr_carea' id='block_1_1' title="bbox 386 177 744 240">
    <p class='ocr_par' dir='ltr' id='par_1_1' title="bbox 386 177 744 240">
     <span class='ocr_line' id='line_1_1' title="bbox 386 177 744 240; baseline 0.006 -13"><span class='ocrx_word' id='word_1_1' title='bbox 386 177 589 228; x_wconf 73' lang='lat' dir='ltr'><strong>CARMINUM</strong></span> <span class='ocrx_word' id='word_1_2' title='bbox 605 179 628 228; x_wconf 92' lang='grc' dir='ltr'><strong>Ι.</strong></span> <span class='ocrx_word' id='word_1_3' title='bbox 646 180 685 240; x_wconf 86' lang='lat' dir='ltr'><strong>al,</strong></span> <span class='ocrx_word' id='word_1_4' title='bbox 704 181 744 231; x_wconf 79' lang='lat'><strong>22.</strong></span> 
     </span>
    </p>
   </div>
   <div class='ocr_carea' id='block_1_2' title="bbox 201 255 759 477">
    <p class='ocr_par' dir='ltr' id='par_1_2' title="bbox 201 255 759 477">
     <span class='ocr_line' id='line_1_2' title="bbox 246 255 744 324; baseline -0.004 -10"><span class='ocrx_word' id='word_1_5' title='bbox 246 255 392 314; x_wconf 79' lang='lat' dir='ltr'><strong>Conditum</strong></span> <span class='ocrx_word' id='word_1_6' title='bbox 409 256 471 324; x_wconf 88' lang='lat' dir='ltr'><strong>levi,</strong></span> <span class='ocrx_word' id='word_1_7' title='bbox 490 257 572 313; x_wconf 79' lang='lat' dir='ltr'><strong>&lt;latus</strong></span> <span class='ocrx_word' id='word_1_8' title='bbox 588 258 618 312; x_wconf 94' lang='lat' dir='ltr'><strong>in</strong></span> <span class='ocrx_word' id='word_1_9' title='bbox 635 258 744 313; x_wconf 88' lang='lat' dir='ltr'><strong>theatro</strong></span> 
     </span>
     <span class='ocr_line' id='line_1_3' title="bbox 201 330 577 400; baseline 0.011 -14"><span class='ocrx_word' id='word_1_10' title='bbox 201 343 213 368; x_wconf 86' lang='lat'><em>⁰</em></span> <span class='ocrx_word' id='word_1_11' title='bbox 280 331 348 386; x_wconf 74' lang='lat' dir='ltr'><strong>(lum</strong></span> <span class='ocrx_word' id='word_1_12' title='bbox 365 330 417 386; x_wconf 94' lang='lat' dir='ltr'><strong>tibi</strong></span> <span class='ocrx_word' id='word_1_13' title='bbox 434 334 550 400; x_wconf 82' lang='lat' dir='ltr'><strong>plausus,</strong></span> <span class='ocrx_word' id='word_1_14' title='bbox 574 381 577 390; x_wconf 95' lang='grc'><em>,</em></span> 
     </span>
     <span class='ocr_line' id='line_1_4' title="bbox 245 406 759 477; baseline 0 -15"><span class='ocrx_word' id='word_1_15' title='bbox 245 406 315 462; x_wconf 80' lang='lat' dir='ltr'><strong>(lare</strong></span> <span class='ocrx_word' id='word_1_16' title='bbox 332 408 476 461; x_wconf 81' lang='lat' dir='ltr'>Maecenas</span> <span class='ocrx_word' id='word_1_17' title='bbox 493 424 585 477; x_wconf 88' lang='lat' dir='ltr'><strong>eques,</strong></span> <span class='ocrx_word' id='word_1_18' title='bbox 602 410 634 462; x_wconf 90' lang='lat' dir='ltr'><strong>ut</strong></span> <span class='ocrx_word' id='word_1_19' title='bbox 651 407 759 477; x_wconf 86' lang='lat' dir='ltr'><strong>paterni</strong></span> 
     </span>
    </p>
   </div>
   <div class='ocr_carea' id='block_1_3' title="bbox 131 481 721 634">
    <p class='ocr_par' dir='ltr' id='par_1_3' title="bbox 131 481 721 634">
     <span class='ocr_line' id='line_1_5' title="bbox 131 481 721 552; baseline 0.003 -18"><span class='ocrx_word' id='word_1_20' title='bbox 131 525 136 534; x_wconf 93' lang='lat'><em>.</em></span> <span class='ocrx_word' id='word_1_21' title='bbox 245 481 378 536; x_wconf 81' lang='lat' dir='ltr'><strong>Fluminis</strong></span> <span class='ocrx_word' id='word_1_22' title='bbox 394 483 470 552; x_wconf 87' lang='lat' dir='ltr'><strong>ripae</strong></span> <span class='ocrx_word' id='word_1_23' title='bbox 488 483 567 537; x_wconf 88' lang='lat' dir='ltr'><strong>simul</strong></span> <span class='ocrx_word' id='word_1_24' title='bbox 585 486 615 538; x_wconf 88' lang='lat' dir='ltr'><strong>et</strong></span> <span class='ocrx_word' id='word_1_25' title='bbox 628 483 721 551; x_wconf 85' lang='lat' dir='ltr'><strong>jocosa</strong></span> 
     </span>
     <span class='ocr_line' id='line_1_6' title="bbox 163 555 709 634; baseline 0.005 -27"><span class='ocrx_word' id='word_1_26' title='bbox 163 624 170 634; x_wconf 40' lang='grc' dir='ltr'>Ι</span> <span class='ocrx_word' id='word_1_27' title='bbox 246 555 387 612; x_wconf 87' lang='lat' dir='ltr'><strong>Redderet</strong></span> <span class='ocrx_word' id='word_1_28' title='bbox 404 557 498 612; x_wconf 87' lang='lat' dir='ltr'><strong>laudes</strong></span> <span class='ocrx_word' id='word_1_29' title='bbox 514 557 566 612; x_wconf 88' lang='lat' dir='ltr'><strong>tibi</strong></span> <span class='ocrx_word' id='word_1_30' title='bbox 584 557 709 612; x_wconf 83' lang='lat' dir='ltr'><strong>Vaticani</strong></span> 
     </span>
    </p>
   </div>
   <div class='ocr_carea' id='block_1_4' title="bbox 245 629 989 984">
    <p class='ocr_par' dir='ltr' id='par_1_4' title="bbox 245 629 989 925">
     <span class='ocr_line' id='line_1_7' title="bbox 279 629 495 700; baseline 0.019 -18"><span class='ocrx_word' id='word_1_31' title='bbox 279 629 382 684; x_wconf 89' lang='lat' dir='ltr'><strong>Montis</strong></span> <span class='ocrx_word' id='word_1_32' title='bbox 398 631 495 700; x_wconf 80' lang='lat' dir='ltr'><strong>imago.</strong></span> 
     </span>
     <span class='ocr_line' id='line_1_8' title="bbox 245 703 807 774; baseline 0.005 -16"><span class='ocrx_word' id='word_1_33' title='bbox 245 703 400 760; x_wconf 78' lang='lat' dir='ltr'>Caecubum</span> <span class='ocrx_word' id='word_1_34' title='bbox 417 711 447 761; x_wconf 93' lang='lat' dir='ltr'><strong>et</strong></span> <span class='ocrx_word' id='word_1_35' title='bbox 463 706 539 774; x_wconf 86' lang='lat' dir='ltr'><strong>prelo</strong></span> <span class='ocrx_word' id='word_1_36' title='bbox 557 705 688 761; x_wconf 81' lang='lat' dir='ltr'><strong>domitam</strong></span> <span class='ocrx_word' id='word_1_37' title='bbox 707 706 807 762; x_wconf 83' lang='lat' dir='ltr'><strong>Caleno</strong></span> 
     </span>
     <span class='ocr_line' id='line_1_9' title="bbox 246 779 989 837; baseline 0.005 -5"><span class='ocrx_word' id='word_1_38' title='bbox 246 779 287 832; x_wconf 83' lang='lat' dir='ltr'><strong>&#39;lu</strong></span> <span class='ocrx_word' id='word_1_39' title='bbox 303 781 382 835; x_wconf 82' lang='lat' dir='ltr'>bibes</span> <span class='ocrx_word' id='word_1_40' title='bbox 399 797 492 837; x_wconf 88' lang='lat' dir='ltr'><strong>uvam:</strong></span> <span class='ocrx_word' id='word_1_41' title='bbox 509 797 571 836; x_wconf 88' lang='lat' dir='ltr'><strong>mea</strong></span> <span class='ocrx_word' id='word_1_42' title='bbox 587 797 638 836; x_wconf 90' lang='lat' dir='ltr'><strong>nec</strong></span> <span class='ocrx_word' id='word_1_43' title='bbox 656 780 788 836; x_wconf 76' lang='lat' dir='ltr'>Falernae</span> <span class='ocrx_word' id='word_1_44' title='bbox 966 787 989 823; x_wconf 70' lang='grc' dir='ltr'><strong>Ι·</strong></span> 
     </span>
     <span class='ocr_line' id='line_1_10' title="bbox 246 851 757 925; baseline 0.012 -20"><span class='ocrx_word' id='word_1_45' title='bbox 246 851 409 921; x_wconf 72' lang='lat' dir='ltr'><strong>&#39;temperant</strong></span> <span class='ocrx_word' id='word_1_46' title='bbox 425 855 496 910; x_wconf 81' lang='lat' dir='ltr'><strong>vites</strong></span> <span class='ocrx_word' id='word_1_47' title='bbox 512 873 601 925; x_wconf 90' lang='lat' dir='ltr'><strong>neque</strong></span> <span class='ocrx_word' id='word_1_48' title='bbox 619 856 757 911; x_wconf 85' lang='lat' dir='ltr'><strong>Formiani</strong></span> 
     </span>
    </p>

    <p class='ocr_par' dir='ltr' id='par_1_5' title="bbox 281 927 485 984">
     <span class='ocr_line' id='line_1_11' title="bbox 281 927 485 984; baseline 0.015 -3"><span class='ocrx_word' id='word_1_49' title='bbox 281 927 381 982; x_wconf 85' lang='lat' dir='ltr'><strong>Pocula</strong></span> <span class='ocrx_word' id='word_1_50' title='bbox 398 929 485 984; x_wconf 88' lang='lat' dir='ltr'><strong>colles.</strong></span> 
     </span>
    </p>
   </div>
   <div class='ocr_carea' id='block_1_5' title="bbox 246 1149 988 2343">
    <p class='ocr_par' dir='ltr' id='par_1_6' title="bbox 246 1149 988 2343">
     <span class='ocr_line' id='line_1_12' title="bbox 246 1149 736 1223; baseline 0.004 -18"><span class='ocrx_word' id='word_1_51' title='bbox 246 1149 366 1223; x_wconf 79' lang='lat' dir='ltr'><strong>Dmnnn</strong></span> <span class='ocrx_word' id='word_1_52' title='bbox 382 1152 494 1206; x_wconf 88' lang='lat' dir='ltr'><strong>tenerae</strong></span> <span class='ocrx_word' id='word_1_53' title='bbox 511 1151 595 1207; x_wconf 88' lang='lat' dir='ltr'><strong>dieite</strong></span> <span class='ocrx_word' id='word_1_54' title='bbox 611 1153 736 1222; x_wconf 80' lang='lat' dir='ltr'><strong>virgines,</strong></span> 
     </span>
     <span class='ocr_line' id='line_1_13' title="bbox 247 1225 763 1296; baseline 0.002 -15"><span class='ocrx_word' id='word_1_55' title='bbox 247 1225 396 1293; x_wconf 83' lang='lat' dir='ltr'><strong>intonsum,</strong></span> <span class='ocrx_word' id='word_1_56' title='bbox 413 1227 499 1295; x_wconf 88' lang='lat' dir='ltr'><strong>pueri,</strong></span> <span class='ocrx_word' id='word_1_57' title='bbox 518 1226 601 1282; x_wconf 86' lang='lat' dir='ltr'><strong>dicite</strong></span> <span class='ocrx_word' id='word_1_58' title='bbox 620 1228 763 1296; x_wconf 77' lang='lat' dir='ltr'><strong>Cynthium</strong></span> 
     </span>
     <span class='ocr_line' id='line_1_14' title="bbox 257 1301 608 1370; baseline 0.003 -17"><span class='ocrx_word' id='word_1_59' title='bbox 257 1309 259 1314; x_wconf 88' lang='lat'>&#39;</span> <span class='ocrx_word' id='word_1_60' title='bbox 280 1301 465 1370; x_wconf 75' lang='lat' dir='ltr'><strong>Latonamque</strong></span> <span class='ocrx_word' id='word_1_61' title='bbox 482 1318 608 1369; x_wconf 90' lang='lat' dir='ltr'><strong>supremo</strong></span> 
     </span>
     <span class='ocr_line' id='line_1_15' title="bbox 287 1376 664 1444; baseline 0.005 -16"><span class='ocrx_word' id='word_1_62' title='bbox 287 1401 290 1408; x_wconf 55' lang='lat'><strong><em>¹</em></strong></span> <span class='ocrx_word' id='word_1_63' title='bbox 314 1376 449 1430; x_wconf 80' lang='lat' dir='ltr'><strong>Dilectum</strong></span> <span class='ocrx_word' id='word_1_64' title='bbox 466 1377 576 1444; x_wconf 91' lang='lat' dir='ltr'><strong>penitus</strong></span> <span class='ocrx_word' id='word_1_65' title='bbox 593 1376 612 1429; x_wconf 83' lang='lat' dir='ltr'>J</span> <span class='ocrx_word' id='word_1_66' title='bbox 614 1377 664 1430; x_wconf 83' lang='lat' dir='ltr'><strong>ovi.</strong></span> 
     </span>
     <span class='ocr_line' id='line_1_16' title="bbox 247 1448 830 1518; baseline 0.007 -17"><span class='ocrx_word' id='word_1_67' title='bbox 247 1448 304 1502; x_wconf 88' lang='lat' dir='ltr'><strong>Vos</strong></span> <span class='ocrx_word' id='word_1_68' title='bbox 320 1449 419 1504; x_wconf 85' lang='lat' dir='ltr'><strong>laetam</strong></span> <span class='ocrx_word' id='word_1_69' title='bbox 436 1449 525 1503; x_wconf 86' lang='lat' dir='ltr'><strong>fluviis</strong></span> <span class='ocrx_word' id='word_1_70' title='bbox 542 1454 572 1504; x_wconf 92' lang='lat' dir='ltr'><strong>et</strong></span> <span class='ocrx_word' id='word_1_71' title='bbox 588 1467 729 1505; x_wconf 90' lang='lat' dir='ltr'><strong>nemorum</strong></span> <span class='ocrx_word' id='word_1_72' title='bbox 747 1469 830 1518; x_wconf 79' lang='lat' dir='ltr'><strong>coma,</strong></span> 
     </span>
     <span class='ocr_line' id='line_1_17' title="bbox 247 1521 872 1594; baseline 0.01 -20"><span class='ocrx_word' id='word_1_73' title='bbox 247 1521 428 1592; x_wconf 81' lang='lat' dir='ltr'><strong>Quaecunque</strong></span> <span class='ocrx_word' id='word_1_74' title='bbox 445 1527 494 1577; x_wconf 86' lang='lat' dir='ltr'><strong>aut</strong></span> <span class='ocrx_word' id='word_1_75' title='bbox 509 1524 601 1592; x_wconf 85' lang='lat' dir='ltr'><strong>gelido</strong></span> <span class='ocrx_word' id='word_1_76' title='bbox 617 1527 754 1594; x_wconf 89' lang='lat' dir='ltr'><strong>prominet</strong></span> <span class='ocrx_word' id='word_1_77' title='bbox 772 1524 872 1593; x_wconf 82' lang='lat' dir='ltr'><strong>Algido</strong></span> 
     </span>
     <span class='ocr_line' id='line_1_18' title="bbox 280 1597 614 1666; baseline 0.009 -17"><span class='ocrx_word' id='word_1_78' title='bbox 280 1597 374 1664; x_wconf 82' lang='lat' dir='ltr'><strong>Nigris</strong></span> <span class='ocrx_word' id='word_1_79' title='bbox 390 1601 438 1652; x_wconf 91' lang='lat' dir='ltr'><strong>aut</strong></span> <span class='ocrx_word' id='word_1_80' title='bbox 456 1599 614 1666; x_wconf 80' lang='lat' dir='ltr'><strong>Erymanthi</strong></span> 
     </span>
     <span class='ocr_line' id='line_1_19' title="bbox 315 1673 683 1741; baseline 0.003 -15"><span class='ocrx_word' id='word_1_81' title='bbox 315 1673 394 1726; x_wconf 76' lang='lat' dir='ltr'><strong>Silvis</strong></span> <span class='ocrx_word' id='word_1_82' title='bbox 411 1675 459 1726; x_wconf 86' lang='lat' dir='ltr'><strong>aut</strong></span> <span class='ocrx_word' id='word_1_83' title='bbox 475 1673 570 1727; x_wconf 81' lang='lat' dir='ltr'><strong>viridis</strong></span> <span class='ocrx_word' id='word_1_84' title='bbox 588 1673 683 1741; x_wconf 77' lang='lat' dir='ltr'><strong>Oragi3</strong></span> 
     </span>
     <span class='ocr_line' id='line_1_20' title="bbox 247 1747 825 1814; baseline -0.002 -12"><span class='ocrx_word' id='word_1_85' title='bbox 247 1747 305 1802; x_wconf 80' lang='lat' dir='ltr'><strong>Vos</strong></span> <span class='ocrx_word' id='word_1_86' title='bbox 322 1747 422 1814; x_wconf 82' lang='lat' dir='ltr'><strong>Tempe</strong></span> <span class='ocrx_word' id='word_1_87' title='bbox 439 1747 555 1800; x_wconf 84' lang='lat' dir='ltr'><strong>totidem</strong></span> <span class='ocrx_word' id='word_1_88' title='bbox 572 1747 663 1814; x_wconf 83' lang='lat' dir='ltr'><strong>tollite</strong></span> <span class='ocrx_word' id='word_1_89' title='bbox 677 1748 825 1802; x_wconf 81' lang='lat' dir='ltr'><strong>laudibus·</strong></span> 
     </span>
     <span class='ocr_line' id='line_1_21' title="bbox 249 1822 987 1894; baseline 0 -18"><span class='ocrx_word' id='word_1_90' title='bbox 249 1822 437 1894; x_wconf 85' lang='lat' dir='ltr'><strong>Natalemque,</strong></span> <span class='ocrx_word' id='word_1_91' title='bbox 456 1839 551 1889; x_wconf 86' lang='lat' dir='ltr'><strong>mares,</strong></span> <span class='ocrx_word' id='word_1_92' title='bbox 570 1822 658 1878; x_wconf 90' lang='lat' dir='ltr'><strong>Delon</strong></span> <span class='ocrx_word' id='word_1_93' title='bbox 676 1823 816 1892; x_wconf 81' lang='lat' dir='ltr'><strong>Apollinis,</strong></span> <span class='ocrx_word' id='word_1_94' title='bbox 964 1839 987 1878; x_wconf 89' lang='lat' dir='ltr'><strong>m</strong></span> 
     </span>
     <span class='ocr_line' id='line_1_22' title="bbox 282 1897 622 1967; baseline 0.006 -17"><span class='ocrx_word' id='word_1_95' title='bbox 282 1898 475 1966; x_wconf 81' lang='lat' dir='ltr'><strong>Insignemque</strong></span> <span class='ocrx_word' id='word_1_96' title='bbox 492 1897 622 1967; x_wconf 89' lang='lat' dir='ltr'><strong>pharetra</strong></span> 
     </span>
     <span class='ocr_line' id='line_1_23' title="bbox 315 1973 742 2043; baseline 0.009 -17"><span class='ocrx_word' id='word_1_97' title='bbox 315 1973 502 2042; x_wconf 83' lang='lat' dir='ltr'><strong>Fraternaque</strong></span> <span class='ocrx_word' id='word_1_98' title='bbox 519 1973 662 2028; x_wconf 89' lang='lat' dir='ltr'><strong>humerum</strong></span> <span class='ocrx_word' id='word_1_99' title='bbox 678 1975 742 2043; x_wconf 86' lang='lat' dir='ltr'><strong>lyra.</strong></span> 
     </span>
     <span class='ocr_line' id='line_1_24' title="bbox 248 2047 937 2117; baseline 0 -15"><span class='ocrx_word' id='word_1_100' title='bbox 248 2048 302 2102; x_wconf 90' lang='lat' dir='ltr'><strong>Hic</strong></span> <span class='ocrx_word' id='word_1_101' title='bbox 319 2047 422 2103; x_wconf 89' lang='lat' dir='ltr'><strong>bellum</strong></span> <span class='ocrx_word' id='word_1_102' title='bbox 439 2049 617 2117; x_wconf 88' lang='lat' dir='ltr'><strong>lacrimosum,</strong></span> <span class='ocrx_word' id='word_1_103' title='bbox 634 2049 678 2103; x_wconf 93' lang='lat' dir='ltr'><strong>hic</strong></span> <span class='ocrx_word' id='word_1_104' title='bbox 695 2050 820 2104; x_wconf 87' lang='lat' dir='ltr'><strong>miseram</strong></span> <span class='ocrx_word' id='word_1_105' title='bbox 838 2051 937 2104; x_wconf 78' lang='lat' dir='ltr'><strong>lairiem</strong></span> 
     </span>
     <span class='ocr_line' id='line_1_25' title="bbox 247 2123 923 2193; baseline 0 -17"><span class='ocrx_word' id='word_1_106' title='bbox 247 2123 411 2192; x_wconf 88' lang='lat' dir='ltr'><strong>Pestemque</strong></span> <span class='ocrx_word' id='word_1_107' title='bbox 427 2141 444 2177; x_wconf 89' lang='lat' dir='ltr'><strong>a</strong></span> <span class='ocrx_word' id='word_1_108' title='bbox 461 2124 559 2193; x_wconf 94' lang='lat' dir='ltr'><strong>populo</strong></span> <span class='ocrx_word' id='word_1_109' title='bbox 577 2128 606 2178; x_wconf 90' lang='lat' dir='ltr'><strong>et</strong></span> <span class='ocrx_word' id='word_1_110' title='bbox 622 2125 743 2193; x_wconf 90' lang='lat' dir='ltr'><strong>principe</strong></span> <span class='ocrx_word' id='word_1_111' title='bbox 762 2125 877 2179; x_wconf 83' lang='lat' dir='ltr'><strong>Caesare</strong></span> <span class='ocrx_word' id='word_1_112' title='bbox 895 2124 923 2177; x_wconf 91' lang='lat' dir='ltr'><strong>in</strong></span> 
     </span>
     <span class='ocr_line' id='line_1_26' title="bbox 281 2199 988 2268; baseline 0.001 -15"><span class='ocrx_word' id='word_1_113' title='bbox 281 2199 378 2253; x_wconf 88' lang='lat' dir='ltr'><strong>Persas</strong></span> <span class='ocrx_word' id='word_1_114' title='bbox 394 2202 477 2268; x_wconf 87' lang='lat' dir='ltr'><strong>atque</strong></span> <span class='ocrx_word' id='word_1_115' title='bbox 495 2199 641 2254; x_wconf 86' lang='lat' dir='ltr'><strong>Britannos</strong></span> <span class='ocrx_word' id='word_1_116' title='bbox 965 2212 988 2254; x_wconf 78' lang='lat' dir='ltr'><strong>lt</strong></span> 
     </span>
     <span class='ocr_line' id='line_1_27' title="bbox 314 2274 705 2343; baseline 0.01 -15"><span class='ocrx_word' id='word_1_117' title='bbox 314 2274 416 2328; x_wconf 88' lang='lat' dir='ltr'><strong>Vestra</strong></span> <span class='ocrx_word' id='word_1_118' title='bbox 432 2277 522 2328; x_wconf 88' lang='lat' dir='ltr'><strong>motus</strong></span> <span class='ocrx_word' id='word_1_119' title='bbox 538 2278 602 2342; x_wconf 77' lang='lat' dir='ltr'><strong>aget</strong></span> <span class='ocrx_word' id='word_1_120' title='bbox 618 2291 705 2343; x_wconf 82' lang='lat' dir='ltr'><strong>prece.</strong></span> 
     </span>
    </p>
   </div>
   <div class='ocr_carea' id='block_1_6' title="bbox 519 2417 614 2472">
    <p class='ocr_par' dir='ltr' id='par_1_7' title="bbox 519 2417 614 2472">
     <span class='ocr_line' id='line_1_28' title="bbox 519 2417 614 2472; baseline -0.021 0"><span class='ocrx_word' id='word_1_121' title='bbox 519 2417 614 2472; x_wconf 89' lang='lat' dir='ltr'>XXII.</span> 
     </span>
    </p>
   </div>
   <div class='ocr_carea' id='block_1_7' title="bbox 147 2499 745 2568">
    <p class='ocr_par' dir='ltr' id='par_1_8' title="bbox 147 2499 745 2568">
     <span class='ocr_line' id='line_1_29' title="bbox 147 2499 745 2568; baseline -0.005 -11"><span class='ocrx_word' id='word_1_122' title='bbox 147 2504 152 2512; x_wconf 93' lang='grc'><em>“</em></span> <span class='ocrx_word' id='word_1_123' title='bbox 246 2502 374 2556; x_wconf 76' lang='lat' dir='ltr'><strong>inruens</strong></span> <span class='ocrx_word' id='word_1_124' title='bbox 390 2501 463 2556; x_wconf 86' lang='lat' dir='ltr'><strong>vitae</strong></span> <span class='ocrx_word' id='word_1_125' title='bbox 481 2499 644 2568; x_wconf 84' lang='lat' dir='ltr'><strong>scelerisque</strong></span> <span class='ocrx_word' id='word_1_126' title='bbox 661 2503 745 2568; x_wconf 88' lang='lat' dir='ltr'><strong>purus</strong></span> 
     </span>
    </p>
   </div>
   <div class='ocr_carea' id='block_1_8' title="bbox 182 2567 810 2649">
    <p class='ocr_par' dir='ltr' id='par_1_9' title="bbox 182 2567 810 2649">
     <span class='ocr_line' id='line_1_30' title="bbox 182 2567 810 2649; baseline 0.002 -18"><span class='ocrx_word' id='word_1_127' title='bbox 182 2594 201 2631; x_wconf 72' lang='grc' dir='ltr'><strong>ι’</strong></span> <span class='ocrx_word' id='word_1_128' title='bbox 229 2567 308 2648; x_wconf 25' lang='lat' dir='ltr'><strong>1⁴,lllon</strong></span> <span class='ocrx_word' id='word_1_129' title='bbox 325 2574 390 2649; x_wconf 82' lang='lat' dir='ltr'><strong>eget</strong></span> <span class='ocrx_word' id='word_1_130' title='bbox 407 2574 512 2640; x_wconf 85' lang='lat' dir='ltr'><strong>Mauris</strong></span> <span class='ocrx_word' id='word_1_131' title='bbox 525 2573 624 2643; x_wconf 88' lang='lat' dir='ltr'><strong>jaculis</strong></span> <span class='ocrx_word' id='word_1_132' title='bbox 641 2591 731 2644; x_wconf 91' lang='lat' dir='ltr'><strong>neque</strong></span> <span class='ocrx_word' id='word_1_133' title='bbox 747 2591 810 2632; x_wconf 82' lang='lat' dir='ltr'><strong>arcu</strong></span> 
     </span>
    </p>
   </div>
   <div class='ocr_carea' id='block_1_9' title="bbox 105 2645 781 2722">
    <p class='ocr_par' dir='ltr' id='par_1_10' title="bbox 105 2639 781 2722">
     <span class='ocr_line' id='line_1_31' title="bbox 105 2645 781 2722; baseline 0.001 -17"><span class='ocrx_word' id='word_1_134' title='bbox 105 2681 106 2689; x_wconf 26' lang='grc' dir='ltr'><strong>κ</strong></span> <span class='ocrx_word' id='word_1_135' title='bbox 246 2651 305 2706; x_wconf 90' lang='lat' dir='ltr'><strong>Nec</strong></span> <span class='ocrx_word' id='word_1_136' title='bbox 321 2645 461 2706; x_wconf 73' lang='lat' dir='ltr'><strong>venenatis</strong></span> <span class='ocrx_word' id='word_1_137' title='bbox 477 2649 591 2719; x_wconf 83' lang='lat' dir='ltr'><strong>gravida</strong></span> <span class='ocrx_word' id='word_1_138' title='bbox 608 2651 722 2720; x_wconf 82' lang='lat' dir='ltr'><strong>sagittis,</strong></span> <span class='ocrx_word' id='word_1_139' title='bbox 770 2701 781 2722; x_wconf 76' lang='grc'><strong>,</strong></span> 
     </span>
    </p>
   </div>
   <div class='ocr_carea' id='block_1_10' title="bbox 279 2725 527 2795">
    <p class='ocr_par' dir='ltr' id='par_1_11' title="bbox 279 2725 527 2795">
     <span class='ocr_line' id='line_1_32' title="bbox 279 2725 527 2795; baseline -0.008 -15"><span class='ocrx_word' id='word_1_140' title='bbox 279 2727 373 2794; x_wconf 72' lang='grc' dir='ltr'><strong>Ειιεοθ,</strong></span> <span class='ocrx_word' id='word_1_141' title='bbox 390 2725 527 2795; x_wconf 79' lang='lat' dir='ltr'><strong>pharetra,</strong></span> 
     </span>
    </p>
   </div>
   <div class='ocr_carea' id='block_1_11' title="bbox 156 2793 920 2869">
    <p class='ocr_par' dir='ltr' id='par_1_12' title="bbox 156 2793 920 2869">
     <span class='ocr_line' id='line_1_33' title="bbox 156 2793 920 2869; baseline 0.005 -16"><span class='ocrx_word' id='word_1_142' title='bbox 156 2827 162 2834; x_wconf 38' lang='grc' dir='ltr'><em>ω</em></span> <span class='ocrx_word' id='word_1_143' title='bbox 245 2801 308 2854; x_wconf 82' lang='lat' dir='ltr'><strong>Sive</strong></span> <span class='ocrx_word' id='word_1_144' title='bbox 325 2817 375 2868; x_wconf 89' lang='lat' dir='ltr'><strong>per</strong></span> <span class='ocrx_word' id='word_1_145' title='bbox 392 2801 486 2869; x_wconf 80' lang='lat' dir='ltr'><strong>Syrtes</strong></span> <span class='ocrx_word' id='word_1_146' title='bbox 502 2801 557 2854; x_wconf 90' lang='lat' dir='ltr'><strong>iter</strong></span> <span class='ocrx_word' id='word_1_147' title='bbox 573 2793 713 2856; x_wconf 72' lang='lat' dir='ltr'><strong>aestuosas</strong></span> <span class='ocrx_word' id='word_1_148' title='bbox 799 2821 801 2828; x_wconf 59' lang='lat'><strong>⁴</strong></span> <span class='ocrx_word' id='word_1_149' title='bbox 908 2803 920 2838; x_wconf 70' lang='lat'><strong>·‘</strong></span> 
     </span>
    </p>
   </div>
   <div class='ocr_carea' id='block_1_12' title="bbox 244 2867 871 3092">
    <p class='ocr_par' dir='ltr' id='par_1_13' title="bbox 244 2867 871 3092">
     <span class='ocr_line' id='line_1_34' title="bbox 244 2867 871 2944; baseline 0.005 -16"><span class='ocrx_word' id='word_1_150' title='bbox 244 2876 444 2938; x_wconf 84' lang='lat' dir='ltr'><strong>Sivelaoturus</strong></span> <span class='ocrx_word' id='word_1_151' title='bbox 460 2891 512 2944; x_wconf 89' lang='lat' dir='ltr'><strong>per</strong></span> <span class='ocrx_word' id='word_1_152' title='bbox 528 2875 717 2944; x_wconf 86' lang='lat' dir='ltr'><strong>inhospitalem</strong></span> <span class='ocrx_word' id='word_1_153' title='bbox 800 2929 804 2936; x_wconf 82' lang='lat'><strong><em>‚</em></strong></span> <span class='ocrx_word' id='word_1_154' title='bbox 842 2889 845 2896; x_wconf 85' lang='lat'>&#39;</span> <span class='ocrx_word' id='word_1_155' title='bbox 865 2867 871 2874; x_wconf 65' lang='grc'>’</span> 
     </span>
     <span class='ocr_line' id='line_1_35' title="bbox 244 2949 770 3018; baseline 0.002 -13"><span class='ocrx_word' id='word_1_156' title='bbox 244 2950 392 3006; x_wconf 81' lang='lat' dir='ltr'><strong>Caucasum</strong></span> <span class='ocrx_word' id='word_1_157' title='bbox 409 2949 452 3003; x_wconf 84' lang='lat' dir='ltr'><strong>vel</strong></span> <span class='ocrx_word' id='word_1_158' title='bbox 470 2966 539 3018; x_wconf 89' lang='lat' dir='ltr'><strong>quae</strong></span> <span class='ocrx_word' id='word_1_159' title='bbox 557 2950 615 3004; x_wconf 92' lang='lat' dir='ltr'><strong>loca</strong></span> <span class='ocrx_word' id='word_1_160' title='bbox 632 2951 770 3006; x_wconf 85' lang='lat' dir='ltr'><strong>fabulosus</strong></span> 
     </span>
     <span class='ocr_line' id='line_1_36' title="bbox 278 3024 560 3092; baseline -0.007 -14"><span class='ocrx_word' id='word_1_161' title='bbox 278 3024 560 3092; x_wconf 55' lang='lat' dir='ltr'><strong>Lambitdlydaspes.</strong></span> 
     </span>
    </p>
   </div>
   <div class='ocr_carea' id='block_1_13' title="bbox 242 3097 987 3275">
    <p class='ocr_par' dir='ltr' id='par_1_14' title="bbox 242 3097 987 3275">
     <span class='ocr_line' id='line_1_37' title="bbox 242 3097 782 3169; baseline 0 -17"><span class='ocrx_word' id='word_1_162' title='bbox 242 3097 368 3169; x_wconf 84' lang='lat' dir='ltr'><strong>Namque</strong></span> <span class='ocrx_word' id='word_1_163' title='bbox 386 3116 429 3153; x_wconf 91' lang='lat' dir='ltr'><strong>me</strong></span> <span class='ocrx_word' id='word_1_164' title='bbox 447 3099 515 3152; x_wconf 84' lang='lat' dir='ltr'><strong>silva</strong></span> <span class='ocrx_word' id='word_1_165' title='bbox 532 3099 612 3166; x_wconf 89' lang='lat' dir='ltr'><strong>lupus</strong></span> <span class='ocrx_word' id='word_1_166' title='bbox 628 3098 657 3152; x_wconf 91' lang='lat' dir='ltr'><strong>in</strong></span> <span class='ocrx_word' id='word_1_167' title='bbox 675 3099 782 3166; x_wconf 77' lang='lat' dir='ltr'><strong>Sabina,</strong></span> 
     </span>
     <span class='ocr_line' id='line_1_38' title="bbox 242 3173 987 3275; baseline 0 -47"><span class='ocrx_word' id='word_1_168' title='bbox 242 3173 316 3228; x_wconf 92' lang='lat' dir='ltr'><strong>Dum</strong></span> <span class='ocrx_word' id='word_1_169' title='bbox 333 3181 422 3232; x_wconf 81' lang='lat' dir='ltr'><strong>aream</strong></span> <span class='ocrx_word' id='word_1_170' title='bbox 440 3177 519 3228; x_wconf 84' lang='lat' dir='ltr'><strong>canto</strong></span> <span class='ocrx_word' id='word_1_171' title='bbox 538 3173 658 3275; x_wconf 54' lang='lat' dir='ltr'><strong>Lalagen</strong></span> <span class='ocrx_word' id='word_1_172' title='bbox 676 3178 705 3228; x_wconf 91' lang='lat' dir='ltr'><strong>et</strong></span> <span class='ocrx_word' id='word_1_173' title='bbox 722 3177 794 3229; x_wconf 78' lang='lat' dir='ltr'><strong>ultra</strong></span> <span class='ocrx_word' id='word_1_174' title='bbox 965 3179 987 3216; x_wconf 87' lang='lat'><strong>¹⁰</strong></span> 
     </span>
    </p>
   </div>
   <div class='ocr_carea' id='block_1_14' title="bbox 0 0 1138 3448">
    <p class='ocr_par' dir='ltr' id='par_1_15' title="bbox 0 0 1138 3448">
     <span class='ocr_line' id='line_1_39' title="bbox 0 0 1138 3448; baseline 0 0"><span class='ocrx_word' id='word_1_175' title='bbox 0 0 1138 3448; x_wconf 95' lang='lat' dir='ltr'><strong> </strong></span> 
     </span>
    </p>
   </div>
  </div>
 </body>
</html>
