2268 3448
114 189 144 238 lt
389 183 542 234 isonam
559 181 690 234 susccl

484 333 597 388 XVIII·

115 417 246 484 umas,
267 417 346 484 Varo,
365 433 442 472 sacra
459 418 515 471 vite
533 419 610 486 prius
628 421 730 474 severis
747 419 885 476 arborum.

115 492 194 546 Circa
212 492 279 546 mito
297 492 384 546 solum
402 492 509 546 Tiburis
526 497 556 547 et
572 494 680 548 moenia
698 495 788 550 Catili.

116 567 199 621 Siccis
216 567 306 622 omnia
323 584 385 621 nam
403 567 472 620 dura
490 569 557 622 deus
574 570 724 639 proposuit,
742 585 831 638 neque

60 641 63 648 “
115 642 261 698 Mordaces
279 643 359 697 aliter
377 642 523 711 diffugiunt
540 645 743 700 sollicitudines
850 667 856 680 ·

117 717 185 782 Quis
190 719 322 788 postvina
333 734 443 787 gravem
455 719 579 773 militiam
591 723 639 774 aut
651 720 809 789 pauperiem
821 723 932 788 crepati
952 735 966 774 s

117 793 186 858 Quis
199 811 253 848 non
267 798 297 848 ts
308 794 407 861 potius,
420 793 526 848 Bacche
537 798 624 863 pater,
636 797 728 864 teque,
741 795 841 848 decens
853 794 964 849 Venusi

117 872 158 922 At
175 885 210 923 ne
227 869 290 938 quis
307 869 407 922 modici
425 869 560 923 transiliat
576 883 690 924 munera
708 869 802 923 Liberi

118 945 271 999 Centaurea
288 949 382 998 monet
399 960 460 998 cum
478 944 602 1012 Lapithis
618 945 678 998 rixa
696 961 779 1014 super
796 960 871 998 maro

117 1019 270 1087 Debellata,
288 1023 381 1073 mouet
399 1019 530 1074 Sithoniis
546 1037 599 1074 non
617 1020 684 1074 levis
703 1021 795 1087 Euius,

118 1095 188 1149 (ium
205 1095 247 1148 ins
263 1099 346 1164 atquo
363 1095 439 1149 nefas
457 1095 554 1162 exiguo
571 1097 625 1149 fine
641 1095 786 1148 libidinum
943 1109 966 1150 to

53 1175 59 1186 “
118 1169 285 1225 Discernunt
302 1171 382 1224 avidi.
419 1170 481 1223 Non
499 1186 549 1236 ego
567 1173 603 1236 te,
621 1169 737 1223 candido
754 1170 896 1239 Bassareu,

119 1245 240 1299 Invitum
258 1245 386 1312 quatiam,
404 1259 454 1296 nec
471 1244 552 1296 variis
570 1242 658 1298 obsita
674 1245 817 1298 frondibus

118 1319 175 1374 Sub
193 1321 287 1374 clivum
304 1319 415 1387 rapiam.
451 1317 537 1371 Saeva
554 1320 619 1371 tenc
637 1334 699 1372 cum
718 1319 878 1388 Berecyntio

118 1396 209 1450 (lornu
226 1401 361 1464 tympana,
379 1408 449 1461 quae
467 1391 642 1460 subsequitur
659 1410 755 1448 caecus
774 1398 860 1450 Amor
877 1396 919 1450 sui
963 1451 966 1457 ,

117 1471 155 1525 Et
172 1472 270 1524 tollens
288 1485 401 1522 vacuum
418 1467 480 1540 plus
497 1468 580 1521 nimio
598 1469 690 1524 Gloria
707 1471 845 1539 verticem,
942 1487 967 1528 tt

117 1548 275 1616 Arcanique
294 1543 377 1598 Fides
393 1542 515 1613 prodiga,
532 1543 698 1613 perlucidior
715 1544 795 1602 vitro.

502 1689 582 1746 XIX.

253 1772 358 1827 binnan
379 1788 458 1826 saeva
477 1772 641 1840 Cupidinum
893 1835 897 1844 Ι

220 1847 417 1913 Thebanaeque
431 1845 513 1912 jubet
530 1861 575 1897 mc
593 1845 714 1900 Semeles
731 1861 798 1914 puer

253 1921 290 1974 Et
308 1921 407 1973 lasciva
425 1918 547 1972 Licentia

219 1995 319 2049 Finitis
335 1994 455 2047 animum
471 1993 590 2046 reddere
607 1993 751 2050 amoribus.

205 2077 210 2086 ·
253 2069 319 2123 Urit
335 2085 379 2122 me
398 2068 528 2136 Glycerae
546 2069 620 2121 nitor
951 2088 964 2128 ι

219 2143 394 2213 Splendontis
411 2142 492 2196 Pario
508 2159 643 2197 marmore
659 2146 771 2216 puriusg

253 2218 317 2272 Urit
333 2221 412 2286 grata
428 2217 593 2289 protervitas

219 2294 256 2348 lit
273 2293 363 2349 vultus
379 2292 494 2354 nimium
509 2293 629 2348 lubricus
646 2294 756 2363 adspici.

254 2369 288 2422 In
305 2384 349 2423 me
365 2371 425 2423 tota
441 2385 523 2423 ruens
541 2370 637 2423 Venus

220 2445 336 2516 cyprum
354 2445 483 2514 deseruit,
500 2461 552 2499 nec
569 2446 673 2514 patitur
690 2446 803 2518 Scythas
942 2470 966 2510 m

253 2522 290 2576 Et
308 2521 392 2575 versis
409 2521 558 2575 animosum
576 2521 654 2592 equis

219 2596 351 2651 Parthum
369 2597 460 2651 dicere
476 2614 527 2651 noc
544 2615 614 2667 qnae
631 2598 699 2652 nihil
717 2601 842 2656 attinent

254 2672 308 2726 Hic
325 2673 417 2725 vivum
434 2672 501 2724 mihi
519 2673 673 2741 caespitem,
692 2675 736 2728 hic

219 2746 369 2816 Verbenaa,
387 2747 473 2816 pueri,
491 2748 585 2816 ponite
602 2747 737 2816 thuraque

253 2821 325 2874 Bimi
343 2837 404 2881 cunr
421 2825 517 2888 patera
533 2823 615 2876 meri:

218 2895 341 2952 Mactata
357 2895 450 2950 veniet
466 2894 553 2949 lenior
569 2895 664 2952 hostia

509 3037 573 3092 XX.

219 3116 291 3170 an
307 3117 415 3184 potabis
431 3116 545 3171 modicis
563 3117 692 3171 Sabinum

219 3191 362 3245 Oantlmris
380 3191 486 3246 Graeca
503 3191 577 3260 quod
593 3207 644 3258 ego
661 3191 719 3257 ipss
737 3191 811 3245 tosta
