2276 3448
394 203 646 255 EPISTOLARUM
663 205 701 255 11.
722 203 744 256 i.
860 270 869 280 ,
939 202 997 259 lat

151 287 199 342 Nil
215 287 290 340 intra
306 286 352 340 cst
367 282 464 360 aleam,
481 284 520 339 nil
537 288 617 338 extra
634 284 724 338 estin
741 300 810 340 nuce
827 285 904 351 duri;

151 362 285 416 Venimus
301 361 337 414 ad
353 367 491 414 alimmum
507 360 651 426 fortunam
670 360 806 428 pingimus
824 363 907 430 atquc

152 437 298 491 Psallimus
314 439 343 490 et
361 437 496 490 luctamur
514 435 626 490 Achivis
644 435 751 489 doctius
768 436 863 488 unctis

152 512 183 567 Si
200 511 313 566 meliora
330 511 390 566 dies
406 515 439 566 ut
455 511 519 565 vina
535 513 662 579 poemata
677 509 780 578 reddit,

152 586 229 642 Scire
246 585 327 640 velim
345 586 447 640 chartis
463 585 588 654 pretium
601 589 701 654 quotus
718 589 827 653 arroget
843 601 936 640 annus.
977 604 999 644 aa

152 661 277 730 Scriptor
293 660 391 715 abhinc
408 677 492 714 annos
509 656 619 714 centum
636 660 684 729 qui
702 656 805 713 decidit
822 660 894 714 inter

123 789 137 814 ·
153 735 295 790 Perfectus
312 739 473 805 veteresque
491 735 589 790 referri
606 735 698 802 debet,
716 751 750 788 an
767 735 840 788 inter

153 811 232 864 Viles
249 814 332 880 atque
350 813 450 865 ucvcsl
486 810 622 865 lecludat
636 810 730 878 jurgia
746 810 815 864 finis.

153 885 206 940 use
222 889 303 940 vetus
320 889 404 954 atque
420 884 522 954 probus
539 889 648 940 centum
666 885 713 954 qui
730 885 839 953 perficit
856 901 947 940 anuos
1058 930 1060 936 .

153 961 235 1029 Quid,
253 961 301 1030 qui
319 960 437 1028 deperiit
453 960 541 1014 minor
557 977 611 1014 uno
628 975 721 1013 mense
739 959 782 1013 vel
796 977 877 1028 anno,
976 975 999 1014 ec

154 1036 232 1090 Inter
250 1052 319 1105 quos
336 1034 497 1090 referendus
515 1036 590 1090 eritl
610 1037 753 1089 veteresne
770 1039 872 1104 politas,

155 1113 202 1166 An
220 1127 288 1180 quos
305 1114 334 1165 et
351 1127 480 1180 praesens
497 1113 528 1164 et
543 1113 653 1179 postera
670 1114 782 1178 respuat
800 1111 895 1165 actast

154 1187 215 1240 Iste
233 1185 346 1254 quidem
364 1190 471 1240 veteres
489 1185 562 1239 inter
579 1189 697 1254 ponetur
713 1185 827 1240 honeste

155 1261 208 1327 Qui
224 1261 268 1315 rel
286 1277 379 1314 mense
397 1261 474 1314 brevi
492 1261 535 1314 vel
552 1264 612 1316 toto
630 1265 673 1314 est
686 1260 780 1332 juuior
797 1277 871 1316 anuo.

154 1337 227 1392 Utor
243 1337 375 1406 permisso
393 1337 550 1406 caudaeque
567 1337 637 1406 pilos
654 1339 687 1390 ut
704 1336 818 1404 equinae
975 1349 1000 1390 rs

154 1411 291 1466 Paulatim
308 1411 378 1466 vello
392 1416 422 1466 et
436 1412 515 1466 demo
532 1429 624 1480 unum,
636 1411 717 1464 demo
734 1412 846 1466 etitem
863 1427 956 1478 unum,

153 1487 228 1542 Dum
246 1487 327 1542 cadat
344 1487 435 1541 elusus
452 1488 564 1556 ratione
575 1487 680 1539 ruentis
696 1487 785 1539 acervi

154 1563 208 1627 Qui
225 1563 300 1616 redit
317 1563 346 1616 in
363 1563 448 1616 fastos
466 1565 495 1616 et
511 1561 566 1616 virt
554 1564 644 1615 tutem
662 1560 789 1614 aestimat
806 1562 890 1629 annis,

154 1638 330 1706 Miraturque
347 1637 417 1690 nihil
431 1637 483 1690 nisi
501 1636 576 1706 quad
593 1634 715 1690 Libitina
731 1636 853 1690 sacravit

154 1713 258 1767 Ennius
275 1717 305 1767 et
322 1713 429 1782 sapiens
446 1715 476 1766 ct
491 1711 571 1766 fortis
588 1714 618 1765 et
634 1710 674 1765 alt
662 1713 706 1764 ter
724 1709 870 1794 Homerus,
973 1725 997 1766 ec
1093 1697 1098 1708 ’

154 1787 196 1842 Ut
212 1789 299 1847 critici
318 1786 420 1855 dicunt,
437 1787 536 1842 leviter
552 1783 648 1841 curare
665 1783 740 1840 videt
741 1777 776 1838 ur‘

155 1863 217 1928 Quo
228 1861 367 1952 premissa
383 1862 482 1916 cadant
499 1866 529 1916 et
546 1862 650 1916 somnia
668 1860 845 1930 Pythagorea.
888 1915 891 1922 ,

127 1985 129 1989 ,
155 1939 277 1993 Naevius
293 1939 322 1992 in
339 1937 464 1992 manibus
481 1955 536 1991 non
553 1941 596 1991 est
614 1941 644 1992 et
660 1941 736 1990 ment
724 1937 797 1990 tibus
815 1936 911 1990 haeret

155 2013 247 2069 Paene
264 2014 377 2068 recensi
414 2013 494 2066 Adeo
512 2016 635 2066 sanctum
648 2016 692 2067 est
709 2015 788 2066 tetus
802 2027 881 2065 omne
894 2015 999 2080 poema.

155 2089 281 2156 Ambigit
281 2105 315 2142 ur
332 2088 458 2156 quotiens
474 2091 538 2141 uter
554 2091 618 2142 utro
636 2088 672 2141 sit
688 2087 770 2155 prim,
789 2086 878 2140 aufert
975 2101 1000 2170 ιι

160 2165 295 2218 Pacuvius
313 2164 388 2217 docti
404 2164 504 2217 famam
522 2164 602 2231 senis,
620 2163 720 2217 Accius
737 2162 794 2229 alti,

156 2237 265 2294 Dicitur
284 2239 383 2294 Afrani
401 2242 466 2307 toga
483 2239 640 2292 convenisse
658 2238 817 2304 Menandro,

156 2316 271 2369 Plautus
287 2314 324 2368 ad
341 2314 480 2383 exemplar
498 2314 581 2368 Siculi
598 2329 744 2381 properare
763 2311 925 2378 Epicharmi,

156 2388 275 2444 Vincere
294 2390 427 2445 Caecilius
443 2389 584 2462 gravitate,
603 2385 747 2440 Terentius
765 2389 833 2441 arte.

156 2465 216 2519 Hcs
234 2465 332 2518 ediscit
349 2468 379 2524 et
395 2464 445 2518 hes
463 2466 539 2518 arcto
558 2462 659 2532 stipata
676 2459 787 2514 theatro
975 2479 998 2517 ω

156 2541 269 2610 Spectat
288 2540 375 2594 Rama
391 2542 508 2609 potens;
531 2537 616 2592 habet
633 2537 683 2590 hos
702 2538 881 2604 numeratque
898 2538 994 2604 peetus

156 2616 204 2668 Ad
221 2619 344 2669 nostrum
361 2617 470 2684 tempus
489 2613 550 2667 Liri
568 2611 708 2682 scriptoris
725 2610 760 2664 ab
778 2626 851 2665 aeva.

156 2690 301 2744 Interdum
318 2691 415 2758 vulgus
432 2693 537 2744 rectum
554 2687 637 2755 videt,
655 2690 698 2740 est
715 2685 763 2739 ubi
779 2687 882 2755 peccat.

155 2766 185 2818 Si
202 2770 309 2819 veteres
326 2765 366 2818 ita
382 2765 499 2818 miratur
515 2763 664 2830 laudatque
681 2765 776 2829 poetas

155 2840 196 2894 Ut
212 2841 281 2894 nihil
298 2840 434 2894 anteferat
451 2839 519 2892 nihil
536 2839 590 2891 illis
607 2840 754 2905 comparet,
772 2839 863 2892 errat:
978 2849 1001 2891 re

155 2915 185 2970 ai
203 2915 338 2985 quaedam
355 2915 436 2967 nimis
454 2931 488 2967 an
490 2914 574 2982 t,ique
593 2913 617 2968 si
633 2912 764 2982 pleraque
781 2910 860 2966 dure

154 2991 255 3046 Dicere
273 2989 363 3044 credit
380 3005 434 3057 ecs,
452 2989 548 3056 ignave
565 2988 653 3042 multa
669 2987 780 3056 fatetur,

154 3066 192 3121 Et
209 3083 258 3136 sap
258 3067 282 3120 it
300 3070 329 3120 et
345 3081 451 3120 mecum
468 3064 534 3116 facit
551 3067 580 3117 et
598 3063 668 3116 love
681 3061 789 3129 judicat
806 3076 901 3130 aequo.

153 3141 181 3196 N
182 3158 218 3196 on
236 3142 365 3210 equidem
382 3141 500 3193 insector
518 3137 690 3206 delendaque
707 3135 827 3189 carmina
844 3135 904 3188 Livi

154 3217 223 3272 Esse
240 3233 311 3286 reor,
327 3214 446 3270 memini
456 3229 527 3283 quae
545 3212 685 3281 plagosum
702 3209 770 3264 mihi
787 3224 909 3278 parvo
975 3223 1000 3264 rc
