2288 3444
157 157 214 210 reu.
423 115 577 203 nemun
594 153 725 203 runem

155 234 296 291 credebat
312 233 397 302 libris,
415 251 504 304 neque
523 235 546 287 si
563 233 636 286 mule
654 236 774 287 cesserat
790 250 911 302 unquam

154 309 309 364 Decurrens
326 307 387 376 alio,
404 325 493 376 neque
512 309 534 361 si
552 308 637 371 bene;
655 325 709 376 quo
727 307 809 362 litut
826 309 915 362 omnis

154 384 255 440 Vetiua
272 387 367 454 puteat
383 385 468 438 veluti
486 384 624 452 descripte
642 383 744 436 tabella

155 459 222 515 via
239 461 318 514 senis.
354 460 458 528 Sequor
475 459 554 526 hune,
568 459 692 511 Lucanus
710 474 744 511 eu
763 457 871 532 Apulus
889 475 1007 528 anceps:

154 534 227 589 Nam
245 535 401 589 Venusinus
418 539 479 588 erat
495 534 579 587 finem
597 533 649 585 sub
659 533 813 601 ,utrumque
830 533 947 602 colonus,
981 556 1006 593 35

154 609 256 664 Missus
273 611 310 664 ad
326 609 378 662 hoc
394 609 485 677 pulsis,
502 612 581 662 vetus
599 611 691 662 estut
708 608 787 675 same,
807 607 929 676 Sabellis,

154 684 215 748 Quo
231 702 266 738 ne
283 695 463 752 pervacuum
482 683 604 736 Romano
622 684 775 736 incurreret
791 681 886 751 bostis,

154 759 218 813 Sive
235 759 310 828 quod
328 759 419 826 ¹llpule
435 773 502 826 gens
520 774 569 812 seu
586 757 660 827 quod
678 757 797 811 Lucania
814 757 915 829 bellurn

155 834 298 888 Ineuteret
315 834 439 887 violenta.
475 833 531 887 Sed
548 833 592 894 hie
609 833 687 886 stilus
706 833 780 886 haud
796 837 875 901 petet
893 835 965 886 ultro

154 909 324 978 Quemquam
342 910 508 962 animantem
525 911 556 963 et
572 925 616 961 me
635 908 718 961 veluti
735 909 873 970 custodiet
890 909 963 962 ensis
981 924 1004 962 ec

154 983 262 1052 Vagina
280 988 385 1049 tectus;
403 999 485 1054 quem
503 995 551 1037 eur
570 983 736 1050 distringere
754 983 836 1036 coner

153 1059 241 1113 ‘lutus
258 1059 293 1113 ab
310 1061 417 1113 infestis
435 1058 606 1113 latronibus?
643 1061 666 1110 0
684 1062 764 1126 pater
782 1062 811 1112 et
827 1075 877 1113 rex

153 1135 290 1204 luppiter,
302 1139 340 1189 'ut
356 1138 452 1203 pereat
469 1135 587 1202 pesitum
606 1133 731 1200 rubigine
749 1133 843 1202 telum,

154 1209 180 1262 N
182 1227 213 1263 ee
230 1211 373 1278 quisquam
391 1213 486 1262 noceat
503 1209 602 1277 cupido
620 1208 686 1261 milri
703 1209 794 1277 pacis!
831 1211 872 1263 At
888 1209 935 1264 ille

155 1283 207 1348 Qui
224 1301 268 1338 me
285 1283 566 1351 commorit-melius
582 1299 636 1336 non
654 1287 783 1351 tangere!
802 1284 903 1350 clam03
978 1309 1001 1348 45

155 1359 247 1414 lllebit
263 1363 293 1413 et
309 1359 422 1426 insignis
439 1363 498 1412 tota
515 1358 669 1412 cantabitur
686 1357 762 1412 urbe.

154 1433 267 1488 Cervius
284 1434 370 1488 iratus
387 1435 461 1502 leges
478 1433 621 1488 minitatur
638 1437 667 1486 ct
685 1450 788 1498 urnam,

154 1509 270 1564 Canidia
288 1510 384 1564 Albuti
403 1510 501 1578 quibus
519 1513 562 1563 est
580 1509 689 1562 inimice
707 1524 848 1575 venenum,

154 1584 267 1640 Grande
282 1585 383 1638 arulum
402 1585 506 1652 'lulius
525 1585 548 1638 si
566 1584 634 1653 quid
651 1601 681 1636 se
695 1583 790 1651 judice
808 1587 908 1638 certes.

155 1659 195 1714 Ut
212 1677 265 1729 quo
282 1661 398 1729 quisque
415 1660 487 1714 ualet
504 1664 643 1728 suspectos
661 1662 773 1728 terreat,
790 1662 877 1727 utque
981 1676 1004 1715 ee

155 1735 278 1804 Imperet
295 1737 345 1788 hoc
362 1739 460 1788 natura
477 1735 639 1803 potene‚'sic
657 1734 754 1802 collige
773 1748 895 1789 mecum:

155 1810 246 1864 Dente
263 1811 350 1878 lupus,
368 1826 452 1863 cornu
470 1813 565 1863 taurus
582 1810 668 1878 petit:
686 1809 760 1862 unde
777 1809 829 1862 nisi
847 1809 920 1863 intus

155 1885 358 1938 Monstretuml
394 1885 512 1938 Scaevae
529 1884 750 1953 vivacem-erede
767 1886 861 1953 nepoti

155 1960 290 2025 Matrem
306 1959 344 2012 nil
361 1959 443 2013 faciet
461 1960 571 2014 sceleris
589 1960 636 2029 pia
653 1961 784 2014 dextera:
802 1961 910 2027 mirum,

154 2027 1004 2104 Utnequecalcelupusquemquamnequedcntepetitbos;t⁵
1106 2049 1111 2064 ·

154 2109 210 2163 Sed
226 2109 298 2162 male
314 2109 393 2163 tollet
411 2126 492 2162 anum
510 2111 606 2164 uitiato
624 2110 704 2162 melle
723 2111 819 2164 cicuta

154 2184 198 2238 Ne
206 2183 326 2252 longum
343 2184 455 2239 farciam:
470 2191 523 2239 'seu
539 2201 584 2239 me
601 2186 748 2254 tranquilla
766 2189 890 2238 senectus

154 2260 303 2328 Exspectat
320 2269 368 2314 se'u
385 2260 461 2313 Mors
478 2261 546 2315 atris
563 2261 737 2314 circumvolet
755 2260 812 2327 alis,

154 2334 244 2402 Dives,
262 2335 347 2403 inops,
367 2336 476 2405 Romae,
495 2353 543 2390 seu
560 2337 617 2389 fors
634 2335 674 2388 ito
687 2335 811 2404 jusserit,
830 2335 914 2403 exsul,

154 2411 286 2480 Quisquis
299 2411 441 2464 eritvitee
459 2412 576 2464 scribam
593 2411 686 2464 color.’'
717 2410 762 2462 “0
781 2427 857 2478 puer,
875 2415 907 2464 ut
924 2411 961 2463 eis
978 2426 1003 2466 oc

154 2486 254 2540 Vitalis
271 2490 365 2539 metuo
383 2491 412 2539 et
428 2487 563 2554 rnujorum
580 2487 693 2556 nequis
711 2486 814 2538 anricus

154 2560 267 2630 Frigore
284 2564 313 2614 tc
330 2561 432 2614 feriat”
463 2563 478 2588 “
487 2561 566 2628 Quid,
584 2577 645 2614 cum
664 2565 707 2615 est
726 2561 846 2614 Lucilius
864 2576 946 2614 ausus

154 2633 262 2687 Primus
278 2635 307 2686 in
325 2635 396 2686 hunc
413 2635 503 2702 operis
520 2651 681 2702 componere
699 2636 819 2688 aurneina
835 2651 947 2702 morem,

153 2707 305 2762 Detrahere
322 2712 352 2761 ct
368 2708 474 2776 pellem,
492 2708 668 2778 nitidusque
678 2711 800 2778 ¹quisque·
818 2727 868 2778 per
884 2725 932 2764 ora

152 2782 280 2850 Oederct,
296 2783 442 2836 introrsum
460 2783 556 2850 turpis,
575 2799 640 2836 num
658 2785 767 2842 laelius
784 2790 833 2838 ant
849 2785 897 2853 qui
978 2799 1004 2840 tu

154 2855 241 2908 Duxit
257 2856 293 2909 ab
310 2873 439 2924 oppressa
455 2858 584 2910 meritum
604 2858 774 2926 Karthagine
789 2875 896 2927 nomen,

153 2927 267 2993 Ingenio
284 2931 379 2984 offensi
396 2935 444 2985 aut
461 2931 534 2985 laeso
548 2931 794 2985 deluereMetello

152 3001 332 3070 Pomosisque·
346 3005 423 3070 Lupo
440 3009 567 3072 cooperto
586 3006 729 3059 versibusl
765 3007 854 3075 Atqui

154 3073 289 3129 Primores
305 3078 397 3144 populi
415 3080 531 3147 arripuit
547 3081 731 3147 populumque
744 3081 884 3154 tributim,
961 3073 963 3077 ¹

152 3146 261 3201 Scilicet
278 3149 324 3201 uni
342 3166 445 3218 aequus
462 3154 558 3206 virtuti
576 3153 739 3220 atque-ejus
755 3155 856 3210 amicis.
978 3173 1007 3215 tc
