2276 3448
399 149 664 201 -nrrsronaauu
680 131 703 202 '1.
722 157 745 202 ι.
945 153 991 199 ιιι

121 269 126 282 ,
141 226 216 291 Quid
233 229 331 281 voveat
349 226 422 282 dulci
438 231 573 284 nutricula
590 232 679 300 majus
696 232 813 300 alumne,

142 304 196 369 Qui
214 321 311 374 sapere
328 306 358 358 et
375 305 427 357 fari
444 306 531 373 possit
548 323 618 375 quae
636 308 743 372 sentiat
762 311 791 361 ct
808 307 852 362 cui

142 382 246 449 Gratia,
263 381 343 448 fama,
361 380 490 434 valetudo
508 383 647 450 contingat
663 382 787 450 abunde.
834 453 836 456 v
858 403 861 408 ·
967 397 990 438 ιι

120 475 123 480 ·
143 457 180 511 Et
197 457 316 511 mundus
333 457 421 510 victus
438 473 492 510 non
510 457 653 511 deficiente
670 459 813 510 emmena?

144 533 191 587 Int
179 537 224 586 ter
240 549 316 601 spem
334 549 487 600 curamque,
504 531 617 585 timores
634 533 707 588 inter
724 536 753 586 et
770 532 832 598 irae,

144 608 259 660 Omnem
278 607 359 661 crede
377 607 451 660 diem
468 606 520 659 tibi
537 607 669 660 diluxisse
687 623 856 675 supremum.

144 683 231 736 Grata
248 682 421 750 superveniet
439 699 509 750 quae
527 697 582 735 nou
600 682 754 750 sperabitur
771 682 844 734 hora

143 747 191 810 llio
175 758 338 825 epinguem
357 761 385 810 et
402 757 519 810 nitidum
537 756 608 810 bene
625 761 720 810 curata
736 761 799 810 cute
815 756 885 811 vises
969 771 991 810 ιι

120 901 124 910 1
144 831 214 884 Cum
231 831 323 884 ridere
335 831 383 884 vol
386 847 414 884 cs
432 832 543 898 Epicuri
560 831 596 885 de
612 848 680 900 greg
681 849 696 885 e
713 839 842 900 porcum.
931 847 936 856 ·

550 969 584 1023 V.

144 1051 176 1104 δι
193 1054 271 1119 potes
291 1051 560 1106 Archiacis-conviva
576 1051 736 1114 recumbere
752 1053 831 1106 lectis

143 1125 203 1178 Nec
220 1126 327 1179 modica
344 1143 459 1179 coenare
477 1128 557 1180 times
575 1126 633 1180 olus
651 1143 730 1180 omne
747 1128 855 1195 patella,

123 1200 278 1268 {Supremo
295 1204 325 1254 te
343 1202 410 1254 sole
417 1201 499 1269 domi,
517 1201 661 1270 Torquate
625 1201 799 1256 tmancbo.
890 1255 892 1260 ,
969 1257 971 1260 .

123 1273 127 1284 “
147 1276 218 1328 Vina
234 1276 312 1330 bibes
329 1267 429 1330 iterum
448 1277 537 1329 Tauro
555 1276 653 1329 diffusa
669 1277 804 1345 palustres

145 1352 224 1404 Inter
242 1351 313 1404 Mint
301 1355 395 1422 turnas
413 1351 660 1420 Sinuessanumque
679 1352 829 1408 Petrinum.
976 1369 989 1408 s

145 1427 174 1478 Si
191 1427 297 1480 melius
306 1426 374 1494 quid
390 1427 475 1480 habes
493 1443 599 1480 arcesse
616 1427 685 1480 vel
676 1429 820 1495 amperium
837 1429 885 1482 ier

144 1501 313 1558 iamdudum
331 1501 462 1570 splendet
474 1502 549 1554 focus
567 1505 596 1554 et
613 1501 666 1554 tibi
683 1501 785 1556 munda
802 1504 930 1571 supellex.

124 1576 227 1642 ‚mitae
244 1576 317 1629 leves
335 1592 397 1644 spes
415 1579 444 1630 et
462 1563 612 1629 certamina
627 1575 703 1628 divit
683 1579 782 1629 tmrum
853 1633 855 1636 ,

123 1651 181 1703 ’Ἐι
199 1651 441 1705 Moscbi'causam:
460 1668 519 1705 cras
536 1655 600 1704 nato
618 1651 733 1706 Caesare
749 1653 803 1706 fest
792 1656 836 1706 tus

143 1724 201 1778 Dat
217 1726 323 1778 veniam
341 1743 519 1794 somnumque
538 1727 611 1792 dies;
628 1727 738 1794 impuno
756 1727 851 1782 licebit
966 1743 989 1782 ιο

144 1801 293 1854 Aestivam
305 1817 428 1873 sermone
446 1801 562 1870 benigno
579 1801 704 1856 tandei-'e
710 1805 824 1864 noctem.

144 1874 204 1937 Quo
221 1874 288 1928 mihi
305 1876 441 1930 fortunam
458 1877 481 1930 si
499 1894 553 1930 non
559 1877 726 1930 conceditur
741 1881 773 1930 ut
761 1878 834 1931 ιιι

144 1948 246 2003 Parcus
264 1950 299 2004 ob
316 1951 424 2004 heredis
442 1969 534 2005 curam
551 1952 718 2019 nimiumque
735 1969 845 2019 severus

124 2018 282 2078 ‘Assidet
274 2042 382 2078 insano:
399 2030 495 2094 potare
512 2031 541 2080 et
559 2044 686 2096 spargere
704 2027 784 2081 flores

144 2099 283 2168 Incipiam,
298 2101 441 2169 patiarque
459 2101 501 2154 vel
519 2103 683 2178 inconsultus
700 2103 804 2156 liaberi
858 2103 859 2106 ’
884 2157 886 2162 ,
940 2105 944 2112 ’
969 2111 993 2151 1⁵

144 2174 218 2239 Quid
234 2175 423 2242 non'ebrietas
441 2176 586 2245 designati
622 2178 725 2247 Operta
741 2178 866 2247 recludit,
924 2233 929 2242 ,

144 2251 212 2320 Spes
224 2250 307 2318 jubet
325 2260 384 2305 esse
401 2255 482 2318 ratas,
493 2253 536 2306 ad
552 2254 655 2322 proelia
672 2247 760 2308 ιιιιιιιι
777 2255 907 2319 inertem3

143 2325 271 2378 Sollicitis
288 2325 391 2396 animis
402 2343 470 2381 onus
487 2328 590 2393 eximit,
608 2328 725 2381 addocet
741 2333 822 2382 artes.
924 2365 925 2370 κ

129 2399 266 2454 'Facundi
284 2402 380 2455 calices
398 2418 479 2470 quem
495 2403 658 2455 'nonfacere
676 2403 821 2456 disertuml

144 2475 291 2530 Contracta
309 2493 390 2544 quem
408 2494 461 2529 non
479 2477 507 2530 in
524 2479 685 2544 paupertate
702 2477 839 2531 solutum?
933 2533 936 2542 ,
967 2495 990 2534 ιο
1036 2477 1038 2482 ’

144 2550 221 2604 llaec
239 2559 289 2618 ego
306 2569 451 2620 procurare
470 2556 499 2606 et
517 2552 631 2605 idoneus
648 2552 766 2620 imperor
783 2556 812 2606 et
829 2569 882 2608 non
976 2597 978 2602 .

143 2626 258 2694 Invitus,
275 2643 311 2680 ne
328 2631 409 2696 turpe
426 2628 502 2692 toral,
519 2644 554 2680 ne
572 2627 683 2680 sordida
699 2643 798 2697 mappa

143 2701 278 2769 Gonuget
294 2719 382 2770 nares,
400 2719 434 2756 ne
452 2720 505 2756 non
524 2707 553 2756 et
570 2703 713 2757 cantharam
731 2707 760 2759 et
777 2703 840 2756 lanx

131 2775 280 2830 'Ostendat
297 2777 350 2832 tibi
367 2781 403 2844 te,
422 2795 456 2831 ne
475 2779 544 2831 fidos
561 2779 633 2832 inter
650 2778 750 2832 amicos
923 2775 926 2782 ’
977 2773 978 2780 ’

143 2852 186 2906 Sit
204 2852 251 2920 qui
269 2852 343 2906 dicta
361 2855 431 2906 foras
450 2854 579 2921 eliminet,
597 2857 629 2912 ut
646 2855 790 2922 coiat'par
829 2850 846 2894 Ἰ
922 2855 925 2859 ’
965 2865 1005 2912 aa·

142 2927 335 2996 Juugaturqire
352 2929 419 2997 pari.
454 2929 567 2981 But-ram
585 2928 637 2982 tibi
655 2925 863 2997 Septiciumque,
879 2928 883 2936 '
914 2995 916 3000 ἲ

143 3002 249 3056 Ειιιιει
267 3019 349 3056 coena
366 3004 600 3072 prior-*potiorque
616 3003 713 3070 puclla'
725 3003 854 3062 Sabinum

142 3076 264 3149 Detinet,
282 3094 431 3142 assumam;
448 3077 522 3130 locus
539 3082 582 3130 est
600 3083 629 3130 et
645 3077 768 3144 pluribus
785 3079 903 3135 umbris:

143 3151 199 3206 Sed
216 3151 296 3206 nimis
313 3157 374 3206 arta
390 3157 518 3221 premunt
535 3152 623 3204 olidae
641 3153 760 3204 convivia
777 3171 882 3221 capmc.
