2288 3444
408 173 553 226 EPODON'
569 175 686 237 LIBER,
704 175 728 228 9.
960 173 995 228 98

252 254 313 313 Nec
332 255 368 310 sit
385 255 491 325 moritu,
510 272 580 327 quae
599 255 802 311 rotundioribus

288 329 394 384 Onusta
411 330 500 385 baccis
518 331 646 385 ambulet.

252 401 334 472 Quid,
351 404 426 474 quod
442 405 528 458 libelli
547 406 631 460 Stoici
648 406 722 459 inter
740 405 840 460 sericos
947 421 995 465 ,rs

285 479 384 533 docere
402 479 525 548 pulvillos
544 484 655 535 emant:

154 599 156 604 ,
253 552 381 609 Illiternti
398 571 465 608 num
482 555 571 608 minus
589 556 666 609 ncrvi
684 555 780 624 rigent,

287 628 411 683 Minusve
429 629 540 698 languet
557 631 707 684 inscinunrl

252 701 332 767 Quod
351 707 384 756 ut
401 703 519 773 superbo
538 720 666 772 provoces
686 703 722 757 ab
739 703 857 774 inguine,

278 777 333 832 Ore
350 778 553 832 allaborondum
573 783 616 833 cst
635 778 694 833 tibi.
972 797 995 837 n

251 1003 370 1070 ormo
385 1007 526 1073 repostum
545 1003 700 1058 Caecubum
718 1001 755 1056 ed
772 1001 856 1056 festos
875 999 960 1071 dapes

285 1079 397 1133 Victore
414 1080 503 1134 laetus
523 1079 639 1133 Caesare

251 1153 350 1208 'l'ccum
369 1153 420 1208 sub
440 1155 569 1209 olto-sic
588 1153 652 1207 iovi
672 1152 916 1222 gratum-domo,-

284 1229 370 1286 Bente
389 1229 540 1296 Maecenas,
559 1228 652 1282 bibam

250 1302 368 1358 Sonante
386 1304 501 1358 mixtum
515 1304 592 1358 tibiis
610 1320 718 1359 carmen
737 1304 811 1372 lyrns
982 1317 997 1359 c

285 1378 345 1432 Hac
363 1379 484 1447 Dorium,
501 1380 554 1433 illis
570 1379 733 1434 barbarum?

250 1451 292 1507 Ut
308 1470 402 1522 nuper,
422 1458 498 1508 octus
520 1471 582 1508 oum
600 1456 671 1508 freto
691 1453 846 1522 Neptunius

284 1527 348 1581 Dux
365 1529 438 1596 fugit
455 1529 525 1582 ustis
542 1529 664 1595 navibus,

249 1601 461 1658 MinatusUrbi
473 1601 573 1670 'vincis
592 1619 661 1672 quae
680 1603 837 1656 detraxerat

284 1677 375 1732 Servis
393 1679 494 1732 amicus
513 1678 632 1746 perfidis.
975 1691 996 1730 ro

250 1750 508 1820 Romanus-eheu,
527 1753 631 1821 posteri
648 1749 817 1820 neg'obitis-

283 1827 475 1896 Emancipetus
493 1828 610 1882 feminae

250 1900 317 1956 Fert
336 1904 437 1957 vullum
456 1907 486 1958 ot
504 1919 580 1957 arma
597 1902 677 1957 miles
697 1905 728 1957 et
748 1897 914 1970 spadonibus

284 1978 392 2032 Servire
410 1979 516 2046 rugosis
536 1981 635 2047 potest,

249 2050 382 2122 Interque
398 2053 479 2122 'signa
497 2058 577 2122 turpe
597 2053 725 2108 militaris

283 2127 329 2181 Sol
347 2128 464 2196 adspicit
482 2129 633 2198 conopium.

250 2201 291 2255 At
308 2203 361 2256 huc
380 2203 527 2258 frementes
545 2207 687 2258 vertumni
705 2203 748 2258 bis
768 2202 843 2257 mille
864 2215 949 2270 equos

283 2276 362 2345 Gelli,
380 2281 510 2332 canentes
527 2279 678 2346 Gaesarem,
982 2293 998 2324 ο

250 2349 452 2422 llostiliumqne
470 2353 579 2407 navium
597 2360 679 2422 portu
698 2353 786 2406 latent

284 2426 393 2495 Puppes
413 2427 597 2482 sinistrorsum
617 2429 694 2481 citae.
972 2439 995 2478 rr

249 2498 283 2553 10
302 2501 455 2572 Triumphe,
473 2507 506 2557 tu
523 2504 637 2556 moraris
655 2517 753 2556 aureos

203 2617 207 2628 .
283 2576 385 2631 Currus
406 2581 436 2632 et
454 2579 570 2632 intacta
590 2577 691 2632 bovesl

250 2649 283 2703 Io
300 2651 455 2721 Triumphe,
475 2669 525 2708 nec
543 2653 710 2721 iugurthino
727 2669 822 2724 ponem

282 2726 359 2780 Bello
378 2728 525 2797 reportasti
545 2728 650 2797 ducem,

248 2799 346 2870 Neque
368 2803 535 2872 Africanum,
555 2805 599 2857 oui
618 2819 700 2870 super
718 2804 916 2872 Karthaginem
971 2822 995 2862 2⁵

282 2875 379 2930 Virtus
398 2878 550 2944 sepulcrum
570 2878 698 2932 condidit

247 2948 333 3004 Terre
350 2952 473 3020 merique
491 2952 578 3004 rictus
598 2952 684 3003 hostis
703 2952 801 3018 punico

249 3031 252 3038 '
281 3024 412 3092 Lugubre
432 3027 547 3077 mutavit
566 3040 667 3090 sagum.

250 3098 308 3152 Aut
326 3100 373 3152 ille
392 3103 502 3152 centum
521 3097 639 3149 nobilem
659 3095 769 3149 Oretum
786 3096 902 3151 urbibus

281 3173 379 3228 Ventis
395 3174 484 3226 iturus
502 3186 556 3223 non
572 3171 636 3236 nus,
970 3186 994 3224 ro
