2288 3444
353 179 360 192 '
408 197 662 248 snmsnnumu
681 199 703 247 1.
932 199 978 248 ros

133 275 201 332 Sese
218 275 307 344 ferre·
318 290 396 332 sones
413 282 446 333 ut
462 275 490 332 in
508 280 564 334 otia
580 283 642 334 tuta
658 279 796 348 recedant,

133 351 230 419 Aiunt,
249 369 333 422 quum
350 347 402 407 sibi
420 353 476 408 sint
494 358 622 422 congesta
639 355 752 410 cibaria:
770 355 842 410 siout

134 425 258 494 Parvula,
276 445 339 482 nam
357 428 480 496 exemplo
498 433 548 496 est,
567 429 656 498 magni
674 430 786 483 formica
802 429 902 483 laboris

134 501 191 556 Ore
208 503 294 556 trahit
313 503 492 572 quodcunque
508 507 600 572 potest
617 507 701 572 atque
719 505 798 558 addit
815 519 917 570 acervo,

135 578 223 641 Quem
241 579 323 631 struit
339 577 412 630 haud
428 578 524 646 ignara
540 595 571 632 ac
588 595 641 632 non
658 579 766 633 incauta
782 579 875 632 futuri.
953 591 977 632 ss

62 679 68 693 ·
135 653 219 721 Quae,
238 653 316 708 simul
333 653 469 706 inversum
486 653 628 708 contristat
647 654 784 722 Aquarius
801 669 908 720 annum,

134 727 198 780 Non
216 744 330 796 usquam
347 727 470 796 prorepit
487 731 516 781 ot
533 727 586 781 illis
603 728 692 782 utitur
707 731 772 782 unte

136 801 272 865 Quaesitis
289 802 410 870 supicns3
427 818 512 870 quum
528 805 558 856 te
574 819 664 872 noque
680 803 800 857 fervidus
817 806 908 857 aestus

135 875 285 932 Demovcat
302 877 383 944 lucro,
401 893 490 946 neque
507 877 600 944 hiems,
617 879 695 946 ignis,
712 895 794 946 mure,
812 879 921 945 ferrum,

135 952 183 1004 Nil
200 951 291 1007 obstet
308 951 359 1005 tibi
377 952 442 1005 dum
459 969 495 1005 ne
513 953 550 1006 sit
566 955 596 1006 te
614 952 696 1006 ditior
713 952 790 1006 alter.
952 966 976 1006 lo

136 1026 209 1089 Quid
221 1025 303 1094 juvat
319 1027 480 1080 immensum
497 1031 526 1081 te
541 1028 650 1095 urgenti
667 1027 775 1096 pondus
793 1031 822 1081 et
838 1026 897 1081 suri

137 1101 243 1154 Furtim
260 1102 366 1155 defossa
383 1101 510 1155 timidum
528 1102 665 1171 deponere
682 1102 773 1156 terrai

137 1175 239 1239 “Quod
257 1176 280 1229 si
297 1177 461 1230 comminuas
479 1176 560 1230 vilem
578 1176 719 1244 redigatur
735 1177 772 1230 ad
789 1177 916 1230 assem.”v

137 1252 178 1304 At
194 1251 222 1304 ni
239 1250 270 1304 id
286 1252 319 1305 iit
335 1252 402 1320 quid
420 1251 503 1304 habet
520 1251 625 1320 pulchri
643 1254 813 1306 constructus
831 1254 960 1307 acervus?

28 1357 32 1365 -
136 1325 224 1378 Miliin
240 1327 368 1380 frumenti
385 1329 435 1379 tus
451 1326 560 1380 triverit
576 1343 640 1380 ares
657 1330 772 1394 centum,
955 1342 978 1382 rs

136 1400 164 1454 N
165 1417 200 1454 on
216 1404 279 1455 tuus
297 1401 347 1454 hoc
365 1401 454 1469 capiet
472 1405 567 1456 venter
583 1402 645 1470 plus
662 1417 694 1455 ac
711 1417 800 1456 meus:
817 1404 850 1456 ut
867 1401 890 1455 si

137 1475 292 1530 Retionium
308 1477 385 1544 panis
402 1476 511 1530 venales
528 1477 602 1531 inter
619 1481 716 1531 onusto

137 1551 221 1605 Forte
238 1551 321 1606 vehas
338 1551 458 1619 humero,
475 1551 559 1604 nihilo
576 1550 638 1619 plus
655 1551 770 1619 accipias
787 1567 870 1619 quum

138 1625 191 1689 Qui
207 1626 246 1679 nil
263 1627 386 1694 portarit
420 1627 446 1680 ·V
448 1626 474 1680 el
493 1625 537 1680 dic
555 1626 622 1694 quid
638 1625 740 1680 referat
756 1625 830 1679 intra

137 1701 258 1754 Naturae
275 1702 342 1755 fines
359 1701 581 1769 viventi‚·jugeru
598 1704 706 1754 centum
724 1718 759 1754 en
955 1715 980 1756 ro

137 1775 215 1829 Mille
231 1777 324 1830 arcti.
342 1777 405 1830 “At
423 1791 505 1830 suevo
523 1779 566 1830 est
583 1791 618 1830 ex
635 1791 732 1844 magno
750 1775 846 1830 tollere
863 1777 980 1830 suerro?

137 1851 210 1905 Dum
227 1867 262 1906 ex
278 1867 361 1920 purvo
378 1851 456 1905 nobis
474 1851 635 1906 tantundem
653 1851 762 1905 haurire
780 1851 924 1920 rehnquss‚

138 1925 194 1979 Cir
210 1929 259 1980 tua
274 1924 335 1994 plus
352 1925 447 1979 laudes
465 1927 580 1980 cumeris
597 1927 722 1996 muneris
738 1926 855 1987 uostrisl

137 2001 178 2054 Ut
195 2000 246 2055 tibi
263 2001 287 2056 si
304 2001 343 2055 sit
358 2017 427 2070 opus
444 2001 540 2070 liquidi
557 2019 612 2056 nou
629 2003 744 2070 amplius
761 2019 836 2070 urna,

137 2075 192 2132 Vei
210 2075 313 2144 cyatho,
331 2079 360 2130 et
377 2077 459 2144 dicas,
478 2076 601 2144 “Magno
619 2077 655 2131 de
671 2077 781 2131 flumine
798 2077 891 2132 malim
959 2095 983 2135 te

36 2209 39 2214 ,
139 2151 226 2214 Quum
243 2167 278 2204 ex
294 2150 344 2204 hoc
360 2151 490 2205 fonticulo
507 2153 669 2206 tantundem
688 2153 816 2214 sumerel'
841 2153 882 2207 Eo
900 2153 933 2206 fit

139 2225 248 2279 Plenior
264 2229 296 2280 ut
313 2225 337 2279 si
355 2242 429 2294 quos·
441 2227 560 2281 delectet
571 2228 654 2296 ,copia
666 2227 743 2296 justo

139 2301 208 2356 (ium
224 2301 284 2370 ripa
301 2301 380 2355 simul
398 2303 504 2356 avrilsos
520 2304 592 2358 ferat
610 2303 727 2364 Aufidus
745 2319 813 2358 uuer.
1002 2361 1004 2367 y

138 2376 244 2446 Atqui
261 2376 359 2430 tantuli
378 2382 441 2445 eget
458 2377 560 2447 quanto
579 2382 622 2432 est
640 2394 707 2446 opus
723 2379 748 2432 is
765 2395 855 2447 neque
872 2377 937 2432 limo

139 2445 677 2520 Turbatumhauritequsmnequevi'tsm
685 2449 918 2506 emittitinundis
960 2469 984 2509 to

139 2527 180 2580 At
196 2526 349 2596 bonafipars
365 2527 503 2580 hominum
522 2527 636 2596 decepta
653 2527 779 2596 cupidine
796 2527 871 2597 falso,
972 2525 975 2532 ’

138 2601 208 2654 “Nil
221 2603 286 2655 satis
298 2602 362 2668 est,”
372 2601 477 2670 inquit;
488 2601 505 2630 “
512 2602 576 2671 quis
584 2603 655 2656 tanti
668 2607 801 2676 quantum
811 2604 912 2658 habeas
925 2605 982 2659 sis.'’
1008 2639 1015 2652 .

140 2675 214 2740 Quid
230 2677 312 2730 iacias
330 2677 387 2731 illii
421 2675 526 2730 «Iubeas
543 2677 672 2730 miserum
690 2686 749 2731 e'sse
766 2678 885 2732 libenter

139 2751 278 2815 Quatenus
295 2751 325 2804 id
342 2751 422 2816 sscit3
438 2755 472 2805 ut
489 2751 598 2820 quidam
618 2755 783 2808 memoratur
802 2753 919 2806 Athenis

139 2825 271 2882 Sordidus
288 2843 320 2880 ac
337 2827 420 2893 divos,
438 2827 529 2895 populi
547 2835 719 2881 contemnere
735 2844 815 2881 voces
961 2845 984 2883 ss

139 2900 184 2954 Sic
202 2901 309 2956 solitus:
328 2901 470 2970 “Populus
487 2918 531 2955 me
550 2902 655 2966 sibilat;
673 2901 785 2954 etmihi
803 2902 903 2970 plaudo

138 2976 204 3044 lpse
222 2977 296 3030 domi
314 2977 393 3030 simul
411 2993 443 3030 ac
459 2991 581 3030 nummos
600 2975 767 3042 contemplor
783 2975 812 3028 in
830 2976 914 3029 arca.‘'

138 3050 268 3105 'lentulus
285 3051 402 3106 ulubris
420 3051 513 3105 sitiens
530 3049 663 3116 fugientia
679 3051 771 3114 captat

138 3125 401 3190 Flumina...'.Quid
418 3125 509 3180 ridesi
525 3125 632 3177 mutato
649 3122 757 3175 nomine
775 3124 810 3179 de
827 3128 857 3180 tc

33 3223 37 3230 ·
137 3200 241 3256 Fabula
259 3204 397 3256 narratur:
417 3197 550 3266 congestis
567 3195 688 3266 undique
706 3197 789 3250 succis
959 3213 982 3251 ro
