2276 3448
402 443 732 514 EPISTOLARUM

367 625 527 737 tIBER
560 677 772 739 PRIMUS.

97 1017 107 1036 ·
145 997 243 1051 Purus
260 997 332 1052 dicte
349 996 425 1064 mihi,
443 1013 548 1052 summa
565 997 680 1052 dicende
698 997 825 1066 Camena,

144 1071 304 1140 Spectatum
322 1073 388 1126 satis
406 1075 436 1126 et
453 1072 584 1126 donatum
597 1073 657 1140 jam
674 1072 744 1126 rude
761 1071 877 1141 quaeris,

144 1145 296 1215 Maecenas,
313 1147 414 1202 iterum
431 1148 545 1216 antiquo
562 1164 606 1202 me
623 1147 761 1202 includere
778 1148 851 1202 ludo.
956 1157 959 1164 ’

143 1221 208 1276 Non
225 1223 321 1276 eadem
339 1225 382 1276 est
399 1226 482 1290 aetas,
499 1238 553 1276 nou
570 1238 654 1277 meus.
689 1222 819 1276 Veianius
836 1221 918 1276 armis

144 1294 272 1351 Herculis
290 1297 327 1351 ad
342 1301 449 1366 postem
467 1297 529 1351 fixis
546 1297 615 1352 latet
632 1297 743 1352 abditus
760 1313 832 1366 agro,
977 1311 995 1353 e

143 1371 172 1425 N
173 1389 189 1426 e
204 1373 335 1442 populum
352 1373 576 1438 extrematotie‘s
594 1376 690 1427 exoret
707 1389 796 1426 arena.
830 1430 834 1436 ,

143 1447 197 1501 Est
212 1447 279 1501 mihi
296 1452 440 1516 purgatam
457 1447 553 1502 erebro
571 1448 619 1515 qui
635 1451 764 1516 personet
781 1445 887 1502 aurem:

144 1521 223 1576 Solve
240 1526 428 1576 senescentem
444 1527 551 1576 mature
569 1539 649 1575 sanus
667 1539 774 1589 equum,
790 1539 825 1575 ne

144 1595 243 1650 Peccet
260 1597 296 1650 ad
314 1601 467 1651 extremum
483 1595 614 1650 ridendus
632 1599 662 1648 et
678 1595 725 1648 ilia
742 1593 832 1647 ducat.

142 1671 170 1724 N
171 1688 223 1726 uno
240 1673 333 1742 itaque
351 1675 380 1726 et
397 1689 492 1728 versus
509 1675 538 1726 et
554 1675 646 1728 cetera
662 1669 767 1724 ludicra
783 1680 861 1738 pono,
966 1685 987 1732 ro

143 1745 987 1828 Quidverumatquedecenscuroetrogoetomnisinhocsurn;

143 1822 238 1876 Gondo
256 1828 285 1876 et
302 1839 433 1892 compono
451 1840 521 1892 quoe
539 1839 603 1876 mox
621 1823 781 1892 depromere
797 1813 923 1890 possim.

142 1900 187 1951 Ac
203 1915 239 1952 ne
255 1899 327 1952 forte
344 1915 425 1984 roges
443 1915 497 1966 quo
514 1915 558 1952 me
577 1898 653 1964 duce,
671 1913 726 1967 quo
742 1896 799 1950 lare
815 1899 861 1950 tut
849 1899 899 1965 t,er

141 1973 251 2027 Nullius
268 1973 421 2028 addictus'
408 1991 505 2042 Jurare
521 1973 551 2028 in
568 1973 657 2028 verba
667 1971 792 2040 magistri

143 2047 203 2111 Quo
219 2065 264 2102 me
281 2066 387 2118 cunque
404 2049 478 2117 rapit
494 2052 643 2118 tempestas
661 2047 771 2102 deferor
790 2046 894 2116 hospes
965 2063 987 2102 rs

141 2120 223 2176 Nune
238 2122 316 2189 agilis
334 2123 369 2175 tio
388 2126 417 2176 et
433 2137 539 2177 mersor
556 2122 679 2191 civilibus
696 2122 785 2192 undis,

141 2195 262 2250 Virtutis
279 2213 359 2252 verae
376 2201 437 2251 crist
438 2214 468 2252 os
484 2197 644 2267 rigidusque
659 2201 702 2254 sat
690 2163 785 2262 ι’·θιιει,

140 2272 167 2326 N
169 2289 222 2327 unc
238 2274 267 2326 in
286 2273 423 2342 Aristippi
440 2273 536 2328 furtim
554 2277 701 2342 praecepta
717 2239 831 2340 relabor,

141 2347 179 2401 Et
196 2347 262 2401 mibi
280 2365 324 2402 res
341 2365 396 2402 non
411 2365 456 2402 me
473 2348 555 2401 rebus
575 2347 741 2415 subjungere
758 2363 849 2402 conor.

140 2422 182 2476 Ut
198 2439 252 2476 nox
270 2423 352 2491 longa
367 2423 466 2492 quibus
484 2423 617 2475 mentitur
634 2421 727 2487 amica,
746 2420 860 2488 diesque
963 2439 986 2477 so

140 2497 235 2572 Longa
249 2498 358 2553 ridetur
376 2514 444 2566 opus
463 2496 564 2550 debent
565 2487 633 2564 ib'us,
651 2500 683 2549 ut
700 2496 779 2564 piger
796 2512 882 2550 annus

140 2573 254 2640 Pupillis
272 2589 339 2642 quos
356 2573 428 2626 dura
441 2571 543 2640 premit
561 2570 685 2625 οιιειοιιιιι
702 2573 836 2636 matrum

139 2647 184 2702 Sic
202 2647 268 2706 mibi
285 2648 367 2702 tarda
383 2647 472 2701 fluunt
489 2647 651 2716 ingrataque
669 2650 800 2715 tempora,
820 2661 891 2714 quus
908 2662 984 2716 spem

139 2721 340 2792 Consiliumque
359 2726 500 2776 morantur
519 2722 618 2790 agendi
635 2723 741 2776 naviter
760 2720 789 2775 id
808 2719 882 2790 quod

138 2801 238 2868 Aeque
256 2798 421 2866 pauperibus
439 2798 560 2868 prodest,
581 2797 760 2866 locupletibus
780 2813 874 2866 seque,
911 2849 916 2860 ,
960 2812 984 2852 rs

137 2875 236 2942 Aeque
254 2874 408 2942 neglectum
426 2873 519 2942 pueris
538 2873 701 2941 senibusque
720 2871 834 2926 nocebit.

137 2947 237 3002 Restat
254 2952 287 3002 ιιι
306 2949 348 3001 bis
367 2964 418 3016 ego
437 2965 481 3001 me
496 2949 556 3016 ipse
576 2964 670 3015 regom
689 2947 814 3015 solerque
834 2946 983 3002 elementis.

136 3022 200 3078 llon
216 3023 303 3091 possis
320 3023 396 3076 oculo
415 3025 549 3092 quantum
567 3021 731 3076 contendere
750 3021 880 3092 Lynceus,

136 3095 200 3153 Non
217 3102 310 3153 tamen
327 3098 428 3152 ideirco
447 3101 604 3152 contemnas
621 3096 711 3164 lippus
728 3095 838 3164 inungi;

135 3171 194 3228 Nec
213 3173 278 3242 quia
295 3173 425 3242 desperes
442 3172 536 3228 invicti
554 3170 677 3238 membra
696 3169 828 3239 Glyconis,
958 3187 983 3228 so
