2288 3444
413 156 628 208 samareum
644 156 668 208 1.
688 158 726 208 ro.
758 127 769 148 '

147 238 264 309 magnas
281 239 447 294 Graecorum
465 238 543 292 malis
560 239 675 308 implere
693 237 836 294 catervas?
973 253 998 295 aa

148 313 285 382 mumdm
304 312 421 381 Alpinus
434 312 545 380 jugulat
562 313 628 368 dum
646 313 798 380 Memnona,
818 313 938 382 dumque

148 389 272 456 Defingit
290 387 380 443 Rheni
396 388 501 442 luteum
519 392 608 456 capnt,
625 387 693 444 hacc
710 405 761 456 ego
778 388 850 455 ludo,

149 465 226 528 Quae
243 479 332 532 neque
348 463 377 516 in
395 462 471 516 aede'
482 466 580 518 sonent
596 463 729 517 certantia
742 463 836 531 judice
854 463 949 530 Tarpa,

148 539 176 592 N
178 555 209 592 ec
226 539 341 592 redeant
357 538 458 591 iterum
476 541 559 606 atque
576 539 677 592 iterum
694 538 842 607 spectanda
858 537 980 591 theatris.

149 615 258 682 Arguta
274 611 417 666 meretrice
434 616 513 679 potos
531 613 662 682 Davoque
680 612 829 668 Chremeta
972 626 996 665 co

149 688 286 741 illudente
304 703 397 742 senem
414 687 498 740 contis
515 687 619 755 gannire
637 687 742 742 libellos

149 763 229 817 Unus
245 763 374 827 vivorum,
394 762 533 826 Fundani3
553 762 637 815 Pollio
655 769 751 830 rQum

150 838 237 891 Facta
254 837 327 892 canit
343 837 414 905 pedo
432 840 476 890 ier
492 853 633 905 percusso;
650 837 722 892 forte
739 853 804 906 epos
820 851 883 892 acer

149 913 191 966 Ut
208 915 288 966 nenio
306 912 411 968 Varius.
424 912 517 976 ducit;
534 913 614 966 molle
631 915 714 980 atque
730 912 848 966 facetum

150 987 268 1055 Virgilio
285 990 442 1043 annuerunt¹
455 987 607 1054 gaudentes
622 1003 687 1041 rure
705 987 847 1042 Camenae.
976 1003 999 1040 aa

91 1071 96 1077 '
151 1063 297 1128 noceas,
315 1064 430 1130 experto
447 1061 550 1116 frustra
568 1061 692 1116 Varrone
710 1061 826 1116 Atacino
934 1061 937 1126 j

151 1140 247 1205 Atque
265 1136 431 1205 quibusdam
444 1137 512 1203 aliis,
530 1137 626 1190 melius
643 1135 718 1204 quod
734 1137 852 1194 scribere
869 1151 984 1204 possem,

152 1213 300 1266 Inventore
316 1211 419 1276 minor;
436 1227 525 1280 neque
542 1227 592 1277 ego
609 1209 648 1264 illi
665 1209 811 1265 detrahere
829 1210 917 1264 ausim

152 1286 322 1340 Haerentem
339 1285 423 1356 capiti
440 1302 501 1340 cnm
518 1286 604 1340 multa
621 1283 703 1340 laude
719 1301 852 1340 coronam,
922 1285 926 1291 “

150 1361 193 1416 At
209 1359 267 1414 dixi
284 1361 369 1415 fluere
386 1360 457 1414 hunc
474 1360 647 1428 lutulentum,
665 1361 894 1428 saepe.fercntem
973 1375 997 1416 co

152 1435 235 1490 Plura
251 1435 361 1504 quidem
378 1435 499 1490 tollenda
516 1435 709 1504 relinquendis.
744 1437 815 1502 Age,
832 1451 940 1504 quaeso,

151 1510 193 1563 'lu
210 1511 277 1564 nihil
288 1511 322 1564 in
339 1526 442 1578 magno.
452 1510 549 1564 doctus
566 1509 744 1577 reprehendis
762 1509 903 1564 Homerol

151 1584 199 1638 h'il
216 1585 299 1638 comis
316 1585 413 1652 tragici
429 1588 518 1637 mutat
536 1584 654 1637 Lucilius
673 1584 759 1638 Accii

151 1659 178 1712 N
180 1676 215 1712 on
231 1659 305 1714 ridet
322 1676 418 1713 versus
436 1659 506 1712 Enni
522 1658 657 1726 gravitate
674 1657 801 1724 minores,

151 1733 222 1788 (lum
239 1733 275 1786 de
293 1750 322 1787 se
338 1733 460 1803 loquitur
477 1749 531 1785 non
548 1737 579 1785 ut
596 1731 700 1800 majore
718 1731 872 1800 reprensisl
925 1725 930 1736 ’
979 1753 1001 1791 ss

152 1807 226 1873 Quid
242 1811 319 1862 vetat
336 1811 365 1862 et
382 1811 488 1862 nosmet
506 1807 594 1860 Lucili
611 1807 713 1875 scripta
729 1807 850 1874 legentes

151 1883 298 1949 Quaerere,
315 1899 381 1936 num
398 1883 477 1948 illins,
496 1897 561 1934 num
578 1897 671 1934 rerum
688 1879 758 1933 dura
774 1880 881 1947 negarit
928 1943 930 1948 ¹

151 1957 307 2011 Versiculos
324 1961 422 2011 natans
439 1957 524 2024 magis
542 1956 627 2010 factos
644 1958 674 2009 et
691 1949 788 2008 eun'tcs

151 2032 263 2086 Mollius
280 2049 311 2086 ac
328 2033 351 2086 si
369 2033 430 2100 quis
447 2031 563 2100 pedibus
580 2030 649 2100 quid
665 2029 793 2084 claudere
811 2029 889 2096 senis,

152 2105 214 2158 Hoc
231 2109 339 2160 tantum
356 2110 508 2173 contentus,
526 2109 600 2159 amet
617 2105 757 2174 scripsisse
775 2104 906 2158 ducentos
977 2117 999 2157 so

151 2182 228 2234 Ante
246 2181 335 2234 cibum
352 2198 454 2248 versus,
473 2180 591 2234 totidem
608 2183 754 2244 coenatus;
771 2177 879 2232 Etrusci

151 2255 238 2319 Quale
255 2256 308 2310 fuit
326 2255 402 2310 Cassi
420 2255 517 2324 rapido
534 2255 682 2308 ferventius
700 2253 773 2307 anni

152 2329 303 2398 ingenium,
320 2331 408 2399 capsis
426 2347 508 2398 quern
527 2329 599 2382 fairra
617 2332 660 2382 est
676 2344 738 2382 esse
753 2326 885 2394 librisque

152 2405 319 2458 Ambustum
336 2406 472 2474 propriisl
508 2404 604 2458 llncrit
622 2402 748 2468 Lucilius,
766 2401 885 2469 inquam,

151 2480 242 2532 Gumis
260 2484 289 2532 ct
306 2479 432 2546 urbanus,
450 2477 534 2532 fucrit
552 2477 670 2531 limatior
686 2476 761 2529 idem
979 2487 1001 2527 cs

150 2554 239 2618 Quam
256 2555 331 2608 rudis
349 2558 379 2608 ct
397 2553 507 2608 Graecis
524 2551 622 2607 intacti
639 2535 766 2605 carminis
783 2552 884 2618 auctor,

150 2629 292 2697 Quamque
310 2633 453 2698 poetarum
472 2628 609 2682 seniorum
627 2625 724 2692 turba;
741 2625 792 2680 scd
808 2625 863 2693 ille,

149 2703 179 2757 Si
196 2704 268 2758 foret
285 2703 336 2759 hoc
353 2707 476 2758 nostrum
492 2703 550 2756 fato
567 2701 669 2756 dilatus
686 2701 715 2755 in
731 2717 835 2768 acrum,

148 2778 298 2833 Detererct
315 2779 368 2832 sibi
385 2779 479 2846 multa,
497 2777 632 2832 recideret
649 2793 728 2830 omne
747 2776 820 2845 quod
837 2773 910 2828 rdtra

149 2853 307 2909 Perfectum
324 2855 490 2920 traheretur,
508 2855 537 2906 et
554 2853 583 2905 in
600 2868 681 2905 versu
697 2851 821 2904 faciendo
979 2861 1002 2902 rc
1103 2847 1110 2860 '

53 2965 58 2976 ·
147 2929 235 2997 Saepe
252 2933 335 2998 caput
353 2929 478 2984 scaberet
496 2927 571 2980 viros
588 2928 618 2978 et
634 2923 745 2977 roderet
762 2939 874 2990 ungues.

148 3003 235 3071 Saepe
254 3004 348 3058 stilum
366 3007 457 3057 vertas
475 3001 575 3054 itenmr
593 3014 664 3066 quae
681 2997 764 3064 digna
781 2997 834 3063 logi
852 2997 909 3051 sint

145 3078 312 3148 Scripturas,
329 3093 419 3146 neque
436 3079 466 3128 te
484 3077 516 3126 ut
533 3073 649 3124 miretur
667 3071 749 3123 turba
765 3069 882 3138 labores,

146 3153 301 3209 Contentus
316 3151 412 3223 paucis
429 3146 583 3220 lectoribus.
620 3145 667 3198 An
684 3147 732 3198 tua
751 3143 863 3197 demens
