2276 3448
149 166 194 218 17⁰
301 197 304 204 ι
348 173 351 182 “
422 166 575 216 HORATII
592 168 720 218 FLAOOI

147 247 251 302 Verum
268 246 316 300 ubi
333 257 402 301 ores
414 247 495 314 furto,
512 247 606 302 morbo
623 249 727 318 periero
745 249 872 318 capellae,

148 321 230 390 Spem
246 321 361 375 mentita
379 338 463 389 seges,
480 321 530 376 bos
547 327 590 378 est
607 327 718 378 enectus
735 324 845 390 arando,

148 395 272 450 Offensus
289 397 396 449 danrnis
412 396 504 450 media
520 397 556 452 de
573 401 653 452 nocte
669 397 802 453 caballum

149 472 258 538 Arripit
273 472 413 540 iratusque
432 469 550 540 Philippi
568 472 657 526 tendit
673 472 710 525 ad
727 473 817 528 aedes.

149 545 235 608 Quom
247 546 326 598 siruul
338 545 465 614 adspexit
473 547 598 601 scabrum
607 548 799 617 intonsumque
807 549 956 620 Philippus,
967 572 993 609 so

149 621 286 688 “Durus'’
303 621 351 688 ait,
369 621 492 688 “Voltci,
510 622 591 675 nimis
609 625 785 691 attentusque
803 624 904 680 videris

149 697 214 750 Esse
231 695 320 750 mihi.''
350 695 422 748 “Pol
440 712 484 749 me
502 697 639 766 miserum,
656 701 779 766 petrone,
798 715 915 768 vocares,
1014 761 1022 780 ·

148 771 176 822 Si
192 771 297 839 velles,”
314 770 410 840 inquit,
429 771 545 824 “verum
563 772 629 824 nribi
647 788 748 840 ponere
766 779 887 828 noment.

148 845 227 909 (Quod
243 849 273 899 te
289 861 339 914 per
357 846 473 900 Genium
491 846 672 916 dextramque
690 848 810 916 deosque
828 849 945 903 Penates
970 863 985 890 0

147 920 266 974 Obsecro
283 925 313 974 et
329 919 458 988 obtestor,
477 921 550 974 ritae
566 938 611 975 ure
628 920 715 975 redde
732 924 838 990 priori.'’
968 939 993 978 cs

147 995 199 1058 oui
217 995 301 1049 semel
318 994 444 1062 adspexit
461 997 593 1064 quantum
610 996 722 1050 dimissa
738 998 836 1065 petitis

147 1072 299 1139 Praestent,
317 1073 423 1124 mature
439 1070 535 1124 redeat
552 1074 715 1140 repetatque
732 1072 836 1127 relicta.

146 1146 240 1200 Metiri
258 1163 287 1200 se
304 1161 440 1214 quemque
457 1162 506 1199 suo
523 1146 633 1200 modulo
649 1163 681 1200 ac
697 1146 769 1216 pede
787 1164 881 1203 verum
898 1154 981 1238 est..¹

526 1287 609 1343 VIII.

146 1372 235 1426 Onaso
252 1371 371 1438 gaudere
389 1375 419 1425 et
435 1369 504 1424 bene
517 1387 580 1426 rem
597 1388 694 1438 gerere
713 1373 882 1430 Albinovano

145 1447 225 1500 Musa
241 1451 336 1514 rogata
353 1445 433 1513 refer,
451 1445 543 1500 comiti
560 1447 720 1516 scribaeque
738 1448 859 1502 Neronis.
881 1499 884 1507 ,

145 1521 174 1575 si
192 1525 306 1590 quaeret
323 1521 390 1590 quid
406 1537 493 1596 egam,
505 1521 551 1574 die
567 1523 653 1576 multa
671 1528 700 1576 et
714 1524 825 1592 pulchra
841 1526 993 1579 intuentem
1092 1551 1096 1558 ·

144 1597 247 1651 Vivere
262 1614 312 1651 noo
331 1601 405 1650 recte
421 1613 472 1650 uec
489 1597 621 1662 suaritcr;
638 1597 713 1650 baud
730 1600 794 1667 quia
811 1600 914 1666 grando

145 1672 306 1726 Contudcrit
324 1672 393 1725 vitos
411 1671 551 1740 oleamque
568 1672 744 1726 momordedt
762 1679 861 1742 aestus,
979 1693 993 1734 s

144 1748 169 1799 N
172 1765 203 1801 ec
220 1749 287 1816 quia
300 1746 454 1815 longinquis
470 1749 622 1800 armentum
640 1748 809 1815 aegrotatio
826 1751 913 1818 agris3

144 1823 200 1876 Sed
217 1823 281 1892 quia
295 1825 387 1875 mente
404 1820 494 1873 minus
510 1820 616 1874 validus
633 1837 715 1890 quam
732 1839 845 1892 corpore
861 1828 922 1878 toto

144 1898 190 1951 Nil
208 1897 303 1952 audire
320 1896 407 1959 velim,
425 1895 463 1948 nil
481 1895 594 1962 discere,
612 1897 685 1965 quod
702 1898 775 1952 leret
791 1914 920 1966 aegrum
965 1895 972 1906 '

138 1973 220 2027 ,l'idis
238 1971 359 2026 offendor
375 1971 495 2040 medicis,
512 1970 614 2025 irascar
631 1971 735 2038 amicis,
827 2020 830 2026 .

144 2049 200 2101 Cur
217 2065 261 2102 ure
278 2047 385 2100 funesto
402 2049 548 2114 properent
565 2062 658 2100 arcere
673 2051 800 2116 veterum
969 2065 992 2104 ro

144 2123 219 2186 Quae
236 2139 352 2176 nocuere
370 2137 473 2189 sequar,
490 2120 592 2188 fugiam
610 2138 679 2191 quae
695 2124 803 2191 profore
819 2125 944 2192 credamr

144 2199 246 2251 Itomae
264 2196 348 2250 Tibur
365 2212 454 2249 amem
470 2199 605 2266 ventosus,
623 2197 724 2251 'Iibure
742 2198 864 2254 Romam.

143 2275 209 2328 l'ost
225 2273 294 2327 haec
310 2275 342 2326 ut
359 2271 456 2340 valeat,
474 2289 527 2340 quo
544 2276 624 2341 pacto
641 2289 700 2326 rem
717 2277 796 2341 gerat
813 2278 842 2329 et
858 2291 896 2344 sc,

53 2353 57 2358 '
143 2351 182 2403 Ut
199 2349 305 2418 placeat
317 2346 414 2416 juveni
431 2347 590 2415 percontare
608 2345 694 2414 nt'que
712 2347 823 2401 cohorti.
1078 2409 1081 2414 ¹

142 2425 170 2478 Si
188 2425 268 2491 dicet,
287 2423 381 2489 Recte,
398 2423 515 2490 primurn
532 2421 660 2489 gaudere,
678 2421 793 2476 subinde
966 2437 991 2478 15
1093 2437 1095 2442 ’

142 2500 320 2567 Praeceptum
335 2497 465 2551 auriculis
481 2495 532 2549 hoc
549 2497 683 2550 instillare
701 2500 853 2554 memento:

141 2575 181 2629 Ut
198 2578 230 2629 tu
246 2575 382 2627 fortunam
400 2572 439 2624 sie
455 2587 504 2624 nos
521 2574 558 2639 te,
577 2572 663 2640 Celae,
680 2573 805 2628 feremus.

539 2694 693 2765 rx..'

138 2796 296 2862 Sarmatos,
315 2791 418 2858 Claudi,
436 2791 564 2844 nimirum
581 2791 710 2862 intelligit
727 2812 800 2849 uuus

138 2871 239 2934 Quanti
256 2885 300 2922 me
317 2867 414 2930 faciam
431 2882 495 2918 nam
512 2883 573 2920 cum
590 2871 669 2935 rogat
687 2873 715 2922 et
732 2887 815 2938 prece
831 2870 905 2938 cogit

137 2945 244 2997 Scilicet
261 2947 292 2996 ut
309 2942 362 2996 tibi
379 2959 409 2994 so
426 2940 537 2994 laudere
554 2945 584 2995 et
600 2943 711 2996 tradere
729 2961 818 3012 coner,
851 2994 855 3000 .

136 3018 256 3084 Dignum
272 3021 364 3070 mente
382 3016 516 3084 domoque
533 3015 650 3084 legentis
667 3017 782 3072 honesta
799 3019 826 3072 N
828 3019 923 3090 cronia,

135 3091 251 3144 Munere
268 3107 329 3144 cum
346 3091 421 3157 fungi
438 3090 572 3158 propioris
589 3095 684 3144 censet
701 3093 788 3160 amici,
971 3109 987 3151 s

136 3165 208 3230 Quid
224 3165 325 3233 possim
342 3164 418 3218 videt
435 3179 466 3217 ao
483 3165 559 3219 norit
577 3181 621 3219 me
638 3165 744 3220 valdius
761 3167 829 3237 ipso.
