2276 3448
424 171 638 221 SATIRARUM
655 172 691 222 11.
711 175 733 221 8.
948 178 992 230 157

149 246 292 307 Ridiculus
308 255 382 306 totas
399 251 483 306 semel
500 252 646 306 obsorbere
663 251 815 322 placentam

149 327 338 380 Nomentanus
355 326 392 380 ad
408 325 466 393 hoc,
484 327 531 396 qui
549 326 657 396 siquid
673 327 744 381 iorto
762 327 861 383 lateret
972 348 995 386 ra

150 401 247 456 Iudice
264 405 428 468 monstraret
446 402 547 469 digito:
564 405 737 456 namcetera
754 403 842 470 turba,

150 477 176 530 N
178 494 217 544 os,
234 477 352 545 inquam,
370 493 512 530 coenamus
529 493 601 543 aves,
618 476 761 546 conchylia,
778 478 873 547 pisces,

149 548 244 620 Longe
261 551 421 605 dissimilem
437 555 501 606 noto
519 551 636 605 celantia
652 568 759 605 succum
768 572 775 617 ;

150 625 192 680 Ut
208 626 251 680 vel
269 626 396 680 contiuuo
412 627 509 694 patuit,
527 643 588 680 cum
605 626 723 695 passeris
740 631 824 697 atque

151 700 300 769 Ingustata
312 701 378 754 mihi
394 704 552 769 porrexeras
569 701 616 754 ilia
633 701 745 756 rhombi.
974 720 997 759 ro

152 775 219 830 Post
236 775 286 829 hoc
303 792 348 829 me
366 775 458 830 docuit
474 775 610 828 melimela
626 775 726 830 rubere
743 777 875 833 minorem

153 851 201 904 Ad
217 850 308 904 lmram
326 850 442 914 delecta,
475 849 548 914 Quid
564 850 615 904 hoc
631 851 740 906 intersit
757 853 792 906 ab
809 855 869 922 ipso

153 925 284 979 Audieris
300 925 404 979 molius
439 925 509 978 Tum
527 925 655 978 Vibidius
673 927 825 982 Balatroni:

153 999 179 1053 N
181 1016 211 1052 os
228 1000 280 1052 nisi
298 1000 428 1054 damnose
444 999 564 1052 bibimus
580 1001 727 1053 moriemur
743 1001 836 1058 inulti:
1039 1047 1042 1054 .

153 1075 191 1128 lit
207 1075 303 1129 calices
320 1075 408 1144 poscit
425 1075 550 1143 majores.
586 1074 703 1128 Vertere
720 1077 806 1144 pallor
975 1094 998 1134 rs

153 1149 222 1202 'Tum
239 1150 349 1218 parochi
365 1151 463 1204 faciem
479 1151 518 1202 nil
536 1150 574 1203 sic
591 1151 737 1203 metuentis
754 1153 786 1205 ut
803 1168 879 1207 acres

154 1225 275 1293 Poteras,
293 1225 336 1279 vel
354 1225 427 1294 quod
444 1225 515 1279 male
532 1225 626 1278 dicunt
643 1225 755 1280 liberius
771 1227 814 1281 vel

154 1299 272 1354 Fervida
289 1301 362 1369 quod
380 1299 480 1354 subtile
498 1300 648 1354 exsurdant
664 1301 728 1354 vina
744 1302 891 1371 palatum..

155 1375 301 1429 Invertunt
320 1375 445 1428 Allifanis
462 1375 565 1428 muana
581 1378 641 1428 tota

154 1449 282 1503 Vibidius
302 1449 473 1517 Balatroque,
491 1449 749 1516 secutis·omuibus;
766 1453 814 1507 imi
978 1469 1001 1508 ro

154 1525 289 1578 Convivae
305 1524 369 1578 lecti
386 1524 498 1578 nihilum
516 1539 633 1578 nocuere
649 1524 760 1592 lagenis.

155 1599 279 1654 Affertur
295 1599 406 1667 squillas
422 1599 496 1652 inter
512 1615 642 1652 muraena
657 1603 783 1654 natantes

155 1674 291 1743 Inpatina
297 1678 427 1744 pomocta.
443 1673 893 1744 Subhochemsz‘Haecgrarida’
902 1677 998 1746 inquit,

155 1750 258 1818 ‘Capta
275 1753 326 1816 est,
344 1748 464 1804 deterior
480 1752 542 1818 post
559 1751 668 1818 partum
685 1765 766 1803 carne
782 1749 881 1805 futura.

155 1825 210 1879 His
226 1825 342 1878 mixtum
356 1823 403 1892 jue
420 1827 478 1878 est:
496 1824 555 1877 oleo
573 1823 647 1893 quod
661 1825 749 1893 prima
766 1825 878 1880 Venafri
977 1853 999 1892 u

155 1900 262 1954 Pressit
278 1899 361 1964 cella;
377 1915 442 1966 garo
460 1900 496 1952 de
513 1901 599 1952 succis
616 1899 697 1968 piscis
715 1899 826 1966 Hiberi;
844 1915 846 1922 ’

155 1974 229 2027 Vino
247 1973 619 2043 quinquenni,·verum'citra
635 1991 711 2028 mare
727 1979 799 2042 nato,
854 2025 856 2031 A

156 2049 230 2102 Dum
248 2049 483 2118 coquitur-cocto
501 2049 599 2102 Chium
617 2049 656 2102 sic
672 2051 803 2118 convenit,
821 2049 924 2105 ut‘non

157 2124 219 2178 Hoc
235 2124 322 2192 magis
339 2123 424 2178 ullum
441 2123 659 2192 aliud3-pipere
676 2124 745 2193 albo,
762 2141 815 2178 nou
834 2127 893 2180 sine
909 2130 993 2192 aceto,

157 2199 237 2263 Quod
255 2199 475 2266 Methymnaeam
492 2199 558 2253 vitio
575 2200 722 2254 mutaverit
739 2217 826 2255 uram.
971 2218 994 2256 ro

157 2275 261 2328 Erucas
277 2274 387 2342 virides,
404 2273 492 2328 inulas
509 2291 559 2342 ego
576 2275 680 2342 primus
697 2291 802 2328 amaras

157 2349 308 2402 lllonstravi
325 2350 476 2418 incoquere,
494 2351 595 2403 inlutos
613 2349 744 2403 Curtillus
761 2351 877 2418 echinos,

158 2423 199 2476 Ut
215 2423 312 2478 melius
329 2425 417 2478 muria
434 2424 508 2492 quod
525 2427 598 2482 testa
614 2424 718 2477 marina
734 2425 872 2479 remittat’

158 2500 271 2554 Interea
287 2515 417 2568 suspensa
433 2515 529 2567 graves
546 2499 640 2552 aulaea
656 2499 747 2552 urinas

158 2576 193 2629 In
210 2574 331 2644 patinam
348 2574 446 2642 fecere,
464 2574 602 2628 trahentia
617 2573 736 2643 pulveris
753 2575 806 2629 atri
974 2580 997 2619 ⁵⁵

159 2652 297 2714 Quantum
315 2667 369 2704 non
388 2650 489 2718 Aquilo
508 2651 652 2720 Campanis
670 2650 772 2704 excitat
789 2651 868 2718 agria.

157 2725 217 2779 Nos
234 2727 323 2794 majus
341 2726 422 2780 veriti
439 2730 584 2795 postquam
601 2726 668 2779 nihil
686 2741 746 2780 esse
763 2725 858 2794 pericli

158 2799 299 2855 Sensimus
317 2801 454 2869 erigimur.
490 2801 577 2854 Rufus
594 2801 682 2870 posito
700 2800 797 2868 capite,
814 2802 847 2854 ut
864 2797 888 2853 sl

159 2874 246 2930 Filius
264 2877 425 2929 immaturus
443 2876 552 2942 obisset,
570 2876 645 2929 flere.
678 2875 745 2939 Quis
763 2877 836 2928 esset

160 2949 236 3004 Finis
253 2951 283 3004 ni
301 2952 407 3020 sapiens
425 2952 464 3003 sio
482 2951 668 3003 Nomentanus
685 2949 801 3002 amicum
978 2958 1001 2997 eo

160 3023 294 3079 Trrlleret:
311 3027 397 3092 ‘Heu,
418 3025 545 3088 Fortuna,
564 3025 625 3090 quis
643 3027 685 3075 est
703 3023 839 3075 crudelior
856 3023 884 3076 in
901 3040 951 3077 nos

161 3099 201 3152 'le
219 3100 307 3155 dousl
343 3101 383 3152 Ut
402 3115 509 3167 semper
526 3098 629 3164 gaudes
646 3095 761 3149 illudere
778 3097 861 3150 rebus

162 3173 299 3228 Humanis
309 3174 323 3227 t’
360 3174 460 3227 Varius
477 3189 577 3241 mappa
594 3185 764 3240 compescere
782 3169 866 3225 risum
