<?xml version="1.0" encoding="UTF-8"?>
<!DOCTYPE html PUBLIC "-//W3C//DTD XHTML 1.0 Transitional//EN"
    "http://www.w3.org/TR/xhtml1/DTD/xhtml1-transitional.dtd">
<html xmlns="http://www.w3.org/1999/xhtml" xml:lang="en" lang="en">
 <head>
  <title>
</title>
<meta http-equiv="Content-Type" content="text/html;charset=utf-8" />
  <meta name='ocr-system' content='tesseract 3.04.00' />
  <meta name='ocr-capabilities' content='ocr_page ocr_carea ocr_par ocr_line ocrx_word'/>
</head>
<body>
  <div class='ocr_page' id='page_1' title='image "./operaomniaexrec00horagoog_0021.png"; bbox 0 0 2268 3448; ppageno 0'>
   <div class='ocr_carea' id='block_1_1' title="bbox 410 129 710 184">
    <p class='ocr_par' dir='ltr' id='par_1_1' title="bbox 410 129 710 184">
     <span class='ocr_line' id='line_1_1' title="bbox 410 129 710 184; baseline -0.007 1"><span class='ocrx_word' id='word_1_1' title='bbox 410 133 565 184; x_wconf 83' lang='lat' dir='ltr'><strong>HORATII</strong></span> <span class='ocrx_word' id='word_1_2' title='bbox 583 129 710 183; x_wconf 81' lang='lat' dir='ltr'>FLACCI</span> 
     </span>
    </p>
   </div>
   <div class='ocr_carea' id='block_1_2' title="bbox 214 211 808 510">
    <p class='ocr_par' dir='ltr' id='par_1_2' title="bbox 214 211 808 510">
     <span class='ocr_line' id='line_1_2' title="bbox 214 211 808 294; baseline -0.008 -24"><span class='ocrx_word' id='word_1_3' title='bbox 214 267 215 270; x_wconf 76' lang='grc'>,</span> <span class='ocrx_word' id='word_1_4' title='bbox 276 217 356 274; x_wconf 82' lang='lat' dir='ltr'>Nuria</span> <span class='ocrx_word' id='word_1_5' title='bbox 373 220 403 271; x_wconf 86' lang='lat' dir='ltr'>et</span> <span class='ocrx_word' id='word_1_6' title='bbox 419 215 531 270; x_wconf 86' lang='lat' dir='ltr'>latentis</span> <span class='ocrx_word' id='word_1_7' title='bbox 548 214 673 284; x_wconf 75' lang='lat' dir='ltr'><strong>proditor</strong></span> <span class='ocrx_word' id='word_1_8' title='bbox 689 211 808 294; x_wconf 53' lang='lat' dir='ltr'>intimo·</span> 
     </span>
     <span class='ocr_line' id='line_1_3' title="bbox 275 288 761 361; baseline -0.016 -12"><span class='ocrx_word' id='word_1_9' title='bbox 275 294 377 350; x_wconf 85' lang='lat' dir='ltr'>Gratus</span> <span class='ocrx_word' id='word_1_10' title='bbox 393 291 588 361; x_wconf 58' lang='lat' dir='ltr'>puellae‘risus</span> <span class='ocrx_word' id='word_1_11' title='bbox 605 289 640 343; x_wconf 90' lang='lat' dir='ltr'>ab</span> <span class='ocrx_word' id='word_1_12' title='bbox 657 288 761 356; x_wconf 73' lang='lat' dir='ltr'>angulo,</span> 
     </span>
     <span class='ocr_line' id='line_1_4' title="bbox 310 363 754 436; baseline -0.016 -15"><span class='ocrx_word' id='word_1_13' title='bbox 310 368 466 436; x_wconf 84' lang='lat' dir='ltr'>Pignusque</span> <span class='ocrx_word' id='word_1_14' title='bbox 483 366 627 434; x_wconf 88' lang='lat' dir='ltr'>dereptum</span> <span class='ocrx_word' id='word_1_15' title='bbox 644 363 754 417; x_wconf 83' lang='lat' dir='ltr'>lacertis</span> 
     </span>
     <span class='ocr_line' id='line_1_5' title="bbox 345 437 754 510; baseline -0.007 -14"><span class='ocrx_word' id='word_1_16' title='bbox 345 445 405 496; x_wconf 90' lang='lat' dir='ltr'>Aut</span> <span class='ocrx_word' id='word_1_17' title='bbox 422 441 509 510; x_wconf 84' lang='lat' dir='ltr'>digito</span> <span class='ocrx_word' id='word_1_18' title='bbox 527 441 598 496; x_wconf 85' lang='lat' dir='ltr'>mala</span> <span class='ocrx_word' id='word_1_19' title='bbox 615 437 754 510; x_wconf 73' lang='lat' dir='ltr'>pertinaci.</span> 
     </span>
    </p>
   </div>
   <div class='ocr_carea' id='block_1_3' title="bbox 548 580 581 634">
    <p class='ocr_par' dir='ltr' id='par_1_3' title="bbox 548 580 581 634">
     <span class='ocr_line' id='line_1_6' title="bbox 548 580 581 634; baseline 0 0"><span class='ocrx_word' id='word_1_20' title='bbox 548 580 581 634; x_wconf 85' lang='lat' dir='ltr'>X.</span> 
     </span>
    </p>
   </div>
   <div class='ocr_carea' id='block_1_4' title="bbox 197 660 995 2145">
    <p class='ocr_par' dir='ltr' id='par_1_4' title="bbox 197 660 995 2145">
     <span class='ocr_line' id='line_1_7' title="bbox 277 660 793 731; baseline -0.01 -12"><span class='ocrx_word' id='word_1_21' title='bbox 277 665 412 720; x_wconf 71' lang='lat' dir='ltr'>Musaeum</span> <span class='ocrx_word' id='word_1_22' title='bbox 430 663 546 716; x_wconf 84' lang='lat' dir='ltr'>fecunde</span> <span class='ocrx_word' id='word_1_23' title='bbox 564 677 648 731; x_wconf 89' lang='lat' dir='ltr'>nepos</span> <span class='ocrx_word' id='word_1_24' title='bbox 666 660 793 727; x_wconf 84' lang='lat' dir='ltr'>Atlantis,</span> 
     </span>
     <span class='ocr_line' id='line_1_8' title="bbox 278 737 838 803; baseline -0.002 -10"><span class='ocrx_word' id='word_1_25' title='bbox 278 740 331 803; x_wconf 84' lang='lat' dir='ltr'>Qui</span> <span class='ocrx_word' id='word_1_26' title='bbox 348 740 420 792; x_wconf 86' lang='lat' dir='ltr'>feros</span> <span class='ocrx_word' id='word_1_27' title='bbox 437 739 528 792; x_wconf 86' lang='lat' dir='ltr'>cultus</span> <span class='ocrx_word' id='word_1_28' title='bbox 545 737 683 791; x_wconf 89' lang='lat' dir='ltr'>hominum</span> <span class='ocrx_word' id='word_1_29' title='bbox 701 740 838 792; x_wconf 75' lang='lat' dir='ltr'><strong>recentum</strong></span> 
     </span>
     <span class='ocr_line' id='line_1_9' title="bbox 278 813 764 868; baseline -0.008 0"><span class='ocrx_word' id='word_1_30' title='bbox 278 814 353 868; x_wconf 90' lang='lat' dir='ltr'>Voce</span> <span class='ocrx_word' id='word_1_31' title='bbox 369 813 492 867; x_wconf 77' lang='lat' dir='ltr'><strong>formasti</strong></span> <span class='ocrx_word' id='word_1_32' title='bbox 510 816 587 866; x_wconf 84' lang='lat' dir='ltr'>catus</span> <span class='ocrx_word' id='word_1_33' title='bbox 604 817 633 866; x_wconf 82' lang='lat' dir='ltr'>et</span> <span class='ocrx_word' id='word_1_34' title='bbox 650 813 764 866; x_wconf 82' lang='lat' dir='ltr'>decorae</span> 
     </span>
     <span class='ocr_line' id='line_1_10' title="bbox 312 889 566 958; baseline 0 -16"><span class='ocrx_word' id='word_1_35' title='bbox 312 889 390 942; x_wconf 87' lang='lat' dir='ltr'>Mora</span> <span class='ocrx_word' id='word_1_36' title='bbox 407 889 566 958; x_wconf 75' lang='lat' dir='ltr'>palaestrae,</span> 
     </span>
     <span class='ocr_line' id='line_1_11' title="bbox 279 961 803 1033; baseline -0.01 -15"><span class='ocrx_word' id='word_1_37' title='bbox 279 963 426 1020; x_wconf 81' lang='lat' dir='ltr'>&#39;Paeanem</span> <span class='ocrx_word' id='word_1_38' title='bbox 443 964 533 1033; x_wconf 81' lang='lat' dir='ltr'>niagni</span> <span class='ocrx_word' id='word_1_39' title='bbox 551 962 628 1017; x_wconf 80' lang='lat' dir='ltr'>Jovis</span> <span class='ocrx_word' id='word_1_40' title='bbox 645 965 674 1016; x_wconf 87' lang='lat' dir='ltr'>et</span> <span class='ocrx_word' id='word_1_41' title='bbox 691 961 803 1016; x_wconf 81' lang='lat' dir='ltr'>deorum</span> 
     </span>
     <span class='ocr_line' id='line_1_12' title="bbox 279 1039 920 1108; baseline -0.012 -12"><span class='ocrx_word' id='word_1_42' title='bbox 279 1040 413 1096; x_wconf 79' lang='lat' dir='ltr'>Nimtium</span> <span class='ocrx_word' id='word_1_43' title='bbox 430 1056 583 1108; x_wconf 81' lang='lat' dir='ltr'>curvaeque</span> <span class='ocrx_word' id='word_1_44' title='bbox 599 1039 673 1106; x_wconf 86' lang='lat' dir='ltr'>lyrae</span> <span class='ocrx_word' id='word_1_45' title='bbox 690 1041 836 1106; x_wconf 85' lang='lat' dir='ltr'>parentem,</span> <span class='ocrx_word' id='word_1_46' title='bbox 914 1041 920 1056; x_wconf 85' lang='lat'>&#39;</span> 
     </span>
     <span class='ocr_line' id='line_1_13' title="bbox 197 1113 793 1184; baseline -0.007 -14"><span class='ocrx_word' id='word_1_47' title='bbox 197 1149 199 1156; x_wconf 50' lang='grc' dir='ltr'><strong><em>ι</em></strong></span> <span class='ocrx_word' id='word_1_48' title='bbox 280 1116 415 1171; x_wconf 83' lang='lat' dir='ltr'>Callidum</span> <span class='ocrx_word' id='word_1_49' title='bbox 433 1114 568 1184; x_wconf 89' lang='lat' dir='ltr'>quidquid</span> <span class='ocrx_word' id='word_1_50' title='bbox 585 1113 687 1182; x_wconf 82' lang='lat' dir='ltr'>placuit</span> <span class='ocrx_word' id='word_1_51' title='bbox 699 1113 793 1182; x_wconf 85' lang='lat' dir='ltr'>jocoso</span> 
     </span>
     <span class='ocr_line' id='line_1_14' title="bbox 314 1189 534 1246; baseline -0.018 0"><span class='ocrx_word' id='word_1_52' title='bbox 314 1190 437 1246; x_wconf 82' lang='lat' dir='ltr'>Condere</span> <span class='ocrx_word' id='word_1_53' title='bbox 454 1189 534 1243; x_wconf 85' lang='lat' dir='ltr'>furto.</span> 
     </span>
     <span class='ocr_line' id='line_1_15' title="bbox 280 1264 756 1319; baseline -0.002 0"><span class='ocrx_word' id='word_1_54' title='bbox 280 1265 319 1319; x_wconf 73' lang='lat' dir='ltr'>&#39;l&#39;e</span> <span class='ocrx_word' id='word_1_55' title='bbox 336 1265 419 1318; x_wconf 84' lang='lat' dir='ltr'>boves</span> <span class='ocrx_word' id='word_1_56' title='bbox 436 1264 501 1318; x_wconf 93' lang='lat' dir='ltr'>olim</span> <span class='ocrx_word' id='word_1_57' title='bbox 518 1264 571 1318; x_wconf 86' lang='lat' dir='ltr'>nisi</span> <span class='ocrx_word' id='word_1_58' title='bbox 588 1264 756 1318; x_wconf 82' lang='lat' dir='ltr'>reddidisses</span> 
     </span>
     <span class='ocr_line' id='line_1_16' title="bbox 280 1339 995 1408; baseline -0.001 -15"><span class='ocrx_word' id='word_1_59' title='bbox 280 1339 334 1394; x_wconf 89' lang='lat' dir='ltr'>Per</span> <span class='ocrx_word' id='word_1_60' title='bbox 351 1339 443 1394; x_wconf 92' lang='lat' dir='ltr'>dolum</span> <span class='ocrx_word' id='word_1_61' title='bbox 460 1343 564 1394; x_wconf 88' lang='lat' dir='ltr'>amotas</span> <span class='ocrx_word' id='word_1_62' title='bbox 581 1357 696 1408; x_wconf 89' lang='lat' dir='ltr'>puerum</span> <span class='ocrx_word' id='word_1_63' title='bbox 713 1341 810 1393; x_wconf 86' lang='lat' dir='ltr'>minaci</span> <span class='ocrx_word' id='word_1_64' title='bbox 970 1352 995 1392; x_wconf 83' lang='lat' dir='ltr'>lo</span> 
     </span>
     <span class='ocr_line' id='line_1_17' title="bbox 280 1414 809 1484; baseline -0.002 -16"><span class='ocrx_word' id='word_1_65' title='bbox 280 1414 354 1469; x_wconf 90' lang='lat' dir='ltr'>Voee</span> <span class='ocrx_word' id='word_1_66' title='bbox 372 1415 437 1468; x_wconf 93' lang='lat' dir='ltr'>dum</span> <span class='ocrx_word' id='word_1_67' title='bbox 454 1417 548 1483; x_wconf 86' lang='lat' dir='ltr'>terret,</span> <span class='ocrx_word' id='word_1_68' title='bbox 567 1415 665 1468; x_wconf 87' lang='lat' dir='ltr'>viduus</span> <span class='ocrx_word' id='word_1_69' title='bbox 682 1415 809 1484; x_wconf 83' lang='lat' dir='ltr'>pharetra</span> 
     </span>
     <span class='ocr_line' id='line_1_18' title="bbox 314 1490 511 1560; baseline 0.005 -16"><span class='ocrx_word' id='word_1_70' title='bbox 314 1490 387 1545; x_wconf 82' lang='lat' dir='ltr'>Risit</span> <span class='ocrx_word' id='word_1_71' title='bbox 405 1491 511 1560; x_wconf 88' lang='lat' dir='ltr'>Apollo.</span> 
     </span>
     <span class='ocr_line' id='line_1_19' title="bbox 281 1565 812 1636; baseline -0.006 -16"><span class='ocrx_word' id='word_1_72' title='bbox 281 1565 352 1631; x_wconf 84' lang='lat' dir='ltr'>Quin</span> <span class='ocrx_word' id='word_1_73' title='bbox 369 1569 398 1622; x_wconf 88' lang='lat' dir='ltr'>et</span> <span class='ocrx_word' id='word_1_74' title='bbox 416 1567 531 1622; x_wconf 85' lang='lat' dir='ltr'>Atridas</span> <span class='ocrx_word' id='word_1_75' title='bbox 548 1566 617 1622; x_wconf 89' lang='lat' dir='ltr'>duee</span> <span class='ocrx_word' id='word_1_76' title='bbox 634 1569 664 1621; x_wconf 86' lang='lat' dir='ltr'>te</span> <span class='ocrx_word' id='word_1_77' title='bbox 681 1565 812 1636; x_wconf 87' lang='lat' dir='ltr'>superbos</span> 
     </span>
     <span class='ocr_line' id='line_1_20' title="bbox 281 1642 682 1697; baseline 0.002 -2"><span class='ocrx_word' id='word_1_78' title='bbox 281 1642 333 1696; x_wconf 92' lang='lat' dir='ltr'>Ilio</span> <span class='ocrx_word' id='word_1_79' title='bbox 351 1642 428 1697; x_wconf 88' lang='lat' dir='ltr'>dives</span> <span class='ocrx_word' id='word_1_80' title='bbox 446 1643 570 1696; x_wconf 83' lang='lat' dir='ltr'>Priamus</span> <span class='ocrx_word' id='word_1_81' title='bbox 588 1643 682 1697; x_wconf 84' lang='lat' dir='ltr'>relicto</span> 
     </span>
     <span class='ocr_line' id='line_1_21' title="bbox 282 1714 994 1786; baseline -0.003 -15"><span class='ocrx_word' id='word_1_82' title='bbox 282 1717 477 1786; x_wconf 79' lang='lat' dir='ltr'>Thessalosque</span> <span class='ocrx_word' id='word_1_83' title='bbox 494 1719 571 1784; x_wconf 81' lang='lat' dir='ltr'>ignes</span> <span class='ocrx_word' id='word_1_84' title='bbox 588 1721 618 1769; x_wconf 86' lang='lat' dir='ltr'>et</span> <span class='ocrx_word' id='word_1_85' title='bbox 634 1716 728 1782; x_wconf 82' lang='lat' dir='ltr'>iniqua</span> <span class='ocrx_word' id='word_1_86' title='bbox 745 1714 842 1781; x_wconf 83' lang='lat' dir='ltr'>Trojaa</span> <span class='ocrx_word' id='word_1_87' title='bbox 972 1729 994 1769; x_wconf 82' lang='lat'>1⁵</span> 
     </span>
     <span class='ocr_line' id='line_1_22' title="bbox 316 1791 543 1845; baseline -0.013 0"><span class='ocrx_word' id='word_1_88' title='bbox 316 1793 413 1845; x_wconf 79' lang='lat' dir='ltr'>Castra</span> <span class='ocrx_word' id='word_1_89' title='bbox 429 1791 543 1843; x_wconf 83' lang='lat' dir='ltr'>fefellit&#39;</span> 
     </span>
     <span class='ocr_line' id='line_1_23' title="bbox 283 1861 826 1932; baseline -0.011 -15"><span class='ocrx_word' id='word_1_90' title='bbox 283 1863 324 1917; x_wconf 82' lang='lat' dir='ltr'>Tu</span> <span class='ocrx_word' id='word_1_91' title='bbox 340 1865 398 1932; x_wconf 88' lang='lat' dir='ltr'>pias</span> <span class='ocrx_word' id='word_1_92' title='bbox 414 1865 494 1918; x_wconf 79' lang='lat' dir='ltr'>laetis</span> <span class='ocrx_word' id='word_1_93' title='bbox 512 1863 615 1916; x_wconf 89' lang='lat' dir='ltr'>animas</span> <span class='ocrx_word' id='word_1_94' title='bbox 632 1861 741 1931; x_wconf 84' lang='lat' dir='ltr'>reponis</span> <span class='ocrx_word' id='word_1_95' title='bbox 814 1889 826 1910; x_wconf 84' lang='grc'><strong>.</strong></span> 
     </span>
     <span class='ocr_line' id='line_1_24' title="bbox 283 1938 779 2008; baseline -0.004 -15"><span class='ocrx_word' id='word_1_96' title='bbox 283 1939 400 1994; x_wconf 81' lang='lat' dir='ltr'>Sedibus</span> <span class='ocrx_word' id='word_1_97' title='bbox 418 1940 549 2008; x_wconf 87' lang='lat' dir='ltr'>virgaque</span> <span class='ocrx_word' id='word_1_98' title='bbox 566 1938 654 1991; x_wconf 82' lang='lat' dir='ltr'>levem</span> <span class='ocrx_word' id='word_1_99' title='bbox 671 1941 779 1991; x_wconf 73' lang='lat' dir='ltr'>codices</span> 
     </span>
     <span class='ocr_line' id='line_1_25' title="bbox 284 2012 763 2083; baseline -0.004 -15"><span class='ocrx_word' id='word_1_100' title='bbox 284 2017 377 2069; x_wconf 87' lang='lat' dir='ltr'>Aurea</span> <span class='ocrx_word' id='word_1_101' title='bbox 393 2015 509 2082; x_wconf 80' lang='lat' dir='ltr'>turbam,</span> <span class='ocrx_word' id='word_1_102' title='bbox 528 2013 634 2083; x_wconf 88' lang='lat' dir='ltr'>superis</span> <span class='ocrx_word' id='word_1_103' title='bbox 651 2012 763 2066; x_wconf 88' lang='lat' dir='ltr'>deorum</span> 
     </span>
     <span class='ocr_line' id='line_1_26' title="bbox 317 2089 995 2145; baseline 0.001 -1"><span class='ocrx_word' id='word_1_104' title='bbox 317 2089 418 2144; x_wconf 87' lang='lat' dir='ltr'>Gratus</span> <span class='ocrx_word' id='word_1_105' title='bbox 435 2095 464 2144; x_wconf 87' lang='lat' dir='ltr'>et</span> <span class='ocrx_word' id='word_1_106' title='bbox 480 2090 549 2144; x_wconf 90' lang='lat' dir='ltr'>imis.</span> <span class='ocrx_word' id='word_1_107' title='bbox 670 2095 673 2102; x_wconf 82' lang='grc'><em>’</em></span> <span class='ocrx_word' id='word_1_108' title='bbox 971 2105 995 2145; x_wconf 86' lang='lat' dir='ltr'>aa</span> 
     </span>
    </p>
   </div>
   <div class='ocr_carea' id='block_1_5' title="bbox 544 2232 595 2289">
    <p class='ocr_par' dir='ltr' id='par_1_5' title="bbox 544 2232 595 2289">
     <span class='ocr_line' id='line_1_27' title="bbox 544 2232 595 2289; baseline 0.02 -2"><span class='ocrx_word' id='word_1_109' title='bbox 544 2232 595 2289; x_wconf 91' lang='lat' dir='ltr'>XI.</span> 
     </span>
    </p>
   </div>
   <div class='ocr_carea' id='block_1_6' title="bbox 147 2313 962 2461">
    <p class='ocr_par' dir='ltr' id='par_1_6' title="bbox 147 2313 962 2461">
     <span class='ocr_line' id='line_1_28' title="bbox 147 2313 962 2386; baseline -0.005 -16"><span class='ocrx_word' id='word_1_110' title='bbox 147 2316 189 2370; x_wconf 83' lang='lat' dir='ltr'>&#39;lu</span> <span class='ocrx_word' id='word_1_111' title='bbox 206 2330 242 2369; x_wconf 90' lang='lat' dir='ltr'>ne</span> <span class='ocrx_word' id='word_1_112' title='bbox 259 2314 415 2384; x_wconf 82' lang='lat' dir='ltr'>quaesieris,</span> <span class='ocrx_word' id='word_1_113' title='bbox 433 2315 503 2370; x_wconf 86' lang='lat' dir='ltr'>seire</span> <span class='ocrx_word' id='word_1_114' title='bbox 520 2316 603 2383; x_wconf 87' lang='lat' dir='ltr'>nefas,</span> <span class='ocrx_word' id='word_1_115' title='bbox 622 2331 702 2386; x_wconf 92' lang='lat' dir='ltr'>quem</span> <span class='ocrx_word' id='word_1_116' title='bbox 720 2315 795 2384; x_wconf 83' lang='lat' dir='ltr'>mihi,</span> <span class='ocrx_word' id='word_1_117' title='bbox 813 2331 895 2385; x_wconf 91' lang='lat' dir='ltr'>quem</span> <span class='ocrx_word' id='word_1_118' title='bbox 912 2313 962 2368; x_wconf 86' lang='lat' dir='ltr'>tibi</span> 
     </span>
     <span class='ocr_line' id='line_1_29' title="bbox 148 2391 859 2461; baseline -0.001 -17"><span class='ocrx_word' id='word_1_119' title='bbox 148 2391 244 2445; x_wconf 80' lang='lat' dir='ltr'>Finem</span> <span class='ocrx_word' id='word_1_120' title='bbox 261 2391 291 2444; x_wconf 91' lang='lat' dir='ltr'>di</span> <span class='ocrx_word' id='word_1_121' title='bbox 308 2391 442 2461; x_wconf 87' lang='lat' dir='ltr'>dederint,</span> <span class='ocrx_word' id='word_1_122' title='bbox 461 2391 611 2461; x_wconf 69' lang='lat' dir='ltr'>Leuconoe,</span> <span class='ocrx_word' id='word_1_123' title='bbox 629 2408 679 2446; x_wconf 88' lang='lat' dir='ltr'>nee</span> <span class='ocrx_word' id='word_1_124' title='bbox 697 2391 859 2459; x_wconf 86' lang='lat' dir='ltr'>Babylonios</span> 
     </span>
    </p>
   </div>
   <div class='ocr_carea' id='block_1_7' title="bbox 149 2541 993 2910">
    <p class='ocr_par' dir='ltr' id='par_1_7' title="bbox 149 2541 993 2910">
     <span class='ocr_line' id='line_1_30' title="bbox 149 2541 980 2612; baseline -0.004 -17"><span class='ocrx_word' id='word_1_125' title='bbox 149 2542 204 2595; x_wconf 74' lang='lat' dir='ltr'>Seu</span> <span class='ocrx_word' id='word_1_126' title='bbox 220 2541 311 2610; x_wconf 89' lang='lat' dir='ltr'>plures</span> <span class='ocrx_word' id='word_1_127' title='bbox 327 2542 430 2596; x_wconf 89' lang='lat' dir='ltr'>hiemes</span> <span class='ocrx_word' id='word_1_128' title='bbox 448 2559 496 2596; x_wconf 91' lang='lat' dir='ltr'>seu</span> <span class='ocrx_word' id='word_1_129' title='bbox 512 2545 611 2597; x_wconf 75' lang='lat' dir='ltr'>tribuit</span> <span class='ocrx_word' id='word_1_130' title='bbox 628 2545 758 2612; x_wconf 77' lang='lat' dir='ltr'>duppiter</span> <span class='ocrx_word' id='word_1_131' title='bbox 774 2541 904 2605; x_wconf 78' lang='lat' dir='ltr'>ultimam,</span> <span class='ocrx_word' id='word_1_132' title='bbox 977 2543 980 2548; x_wconf 90' lang='lat'>&#39;</span> 
     </span>
     <span class='ocr_line' id='line_1_31' title="bbox 150 2617 993 2684; baseline -0.002 -16"><span class='ocrx_word' id='word_1_133' title='bbox 150 2617 225 2680; x_wconf 83' lang='lat' dir='ltr'>Quae</span> <span class='ocrx_word' id='word_1_134' title='bbox 241 2631 312 2668; x_wconf 87' lang='lat' dir='ltr'>nune</span> <span class='ocrx_word' id='word_1_135' title='bbox 328 2617 460 2684; x_wconf 87' lang='lat' dir='ltr'>oppositis</span> <span class='ocrx_word' id='word_1_136' title='bbox 477 2617 604 2670; x_wconf 82' lang='lat' dir='ltr'>debilitat</span> <span class='ocrx_word' id='word_1_137' title='bbox 620 2618 772 2684; x_wconf 83' lang='lat' dir='ltr'>pumicibus</span> <span class='ocrx_word' id='word_1_138' title='bbox 789 2632 864 2669; x_wconf 84' lang='lat' dir='ltr'>mare</span> <span class='ocrx_word' id='word_1_139' title='bbox 982 2629 993 2666; x_wconf 83' lang='lat' dir='ltr'>e</span> 
     </span>
     <span class='ocr_line' id='line_1_32' title="bbox 150 2689 901 2760; baseline 0.001 -18"><span class='ocrx_word' id='word_1_140' title='bbox 150 2691 324 2759; x_wconf 77' lang='lat' dir='ltr'>Tyrrhenum.</span> <span class='ocrx_word' id='word_1_141' title='bbox 359 2689 462 2759; x_wconf 78' lang='lat' dir='ltr'>Sepias,</span> <span class='ocrx_word' id='word_1_142' title='bbox 479 2692 542 2744; x_wconf 83' lang='lat' dir='ltr'>vina</span> <span class='ocrx_word' id='word_1_143' title='bbox 558 2691 654 2760; x_wconf 88' lang='lat' dir='ltr'>liques,</span> <span class='ocrx_word' id='word_1_144' title='bbox 673 2695 703 2746; x_wconf 91' lang='lat' dir='ltr'>et</span> <span class='ocrx_word' id='word_1_145' title='bbox 720 2692 807 2760; x_wconf 85' lang='lat' dir='ltr'>spatio</span> <span class='ocrx_word' id='word_1_146' title='bbox 825 2689 901 2744; x_wconf 85' lang='lat' dir='ltr'>brevi</span> 
     </span>
     <span class='ocr_line' id='line_1_33' title="bbox 150 2763 975 2836; baseline -0.006 -16"><span class='ocrx_word' id='word_1_147' title='bbox 150 2766 234 2835; x_wconf 79' lang='lat' dir='ltr'>Spem</span> <span class='ocrx_word' id='word_1_148' title='bbox 250 2765 357 2833; x_wconf 83' lang='lat' dir='ltr'>longam</span> <span class='ocrx_word' id='word_1_149' title='bbox 374 2781 488 2820; x_wconf 85' lang='lat' dir='ltr'>reseces.</span> <span class='ocrx_word' id='word_1_150' title='bbox 523 2767 597 2819; x_wconf 90' lang='lat' dir='ltr'>Dum</span> <span class='ocrx_word' id='word_1_151' title='bbox 614 2766 750 2836; x_wconf 86' lang='lat' dir='ltr'>loquimur</span> <span class='ocrx_word' id='word_1_152' title='bbox 766 2767 870 2833; x_wconf 82' lang='lat' dir='ltr'>fugerit</span> <span class='ocrx_word' id='word_1_153' title='bbox 885 2763 975 2818; x_wconf 84' lang='lat' dir='ltr'>invida</span> 
     </span>
     <span class='ocr_line' id='line_1_34' title="bbox 151 2839 960 2910; baseline -0.005 -16"><span class='ocrx_word' id='word_1_154' title='bbox 151 2842 252 2895; x_wconf 84' lang='lat' dir='ltr'>Aetas:</span> <span class='ocrx_word' id='word_1_155' title='bbox 270 2856 351 2909; x_wconf 86' lang='lat' dir='ltr'>carpe</span> <span class='ocrx_word' id='word_1_156' title='bbox 369 2839 443 2894; x_wconf 92' lang='lat' dir='ltr'>diem</span> <span class='ocrx_word' id='word_1_157' title='bbox 462 2857 542 2910; x_wconf 89' lang='lat' dir='ltr'>quam</span> <span class='ocrx_word' id='word_1_158' title='bbox 560 2841 701 2896; x_wconf 88' lang='lat' dir='ltr'>minimum</span> <span class='ocrx_word' id='word_1_159' title='bbox 719 2841 829 2895; x_wconf 87' lang='lat' dir='ltr'>credula</span> <span class='ocrx_word' id='word_1_160' title='bbox 845 2843 960 2908; x_wconf 88' lang='lat' dir='ltr'>postero.</span> 
     </span>
    </p>
   </div>
   <div class='ocr_carea' id='block_1_8' title="bbox 541 2984 609 3037">
    <p class='ocr_par' dir='ltr' id='par_1_8' title="bbox 541 2984 609 3037">
     <span class='ocr_line' id='line_1_35' title="bbox 541 2984 609 3037; baseline 0.015 -1"><span class='ocrx_word' id='word_1_161' title='bbox 541 2984 609 3037; x_wconf 85' lang='lat' dir='ltr'>XII.</span> 
     </span>
    </p>
   </div>
   <div class='ocr_carea' id='block_1_9' title="bbox 255 3059 815 3202">
    <p class='ocr_par' dir='ltr' id='par_1_9' title="bbox 255 3059 815 3202">
     <span class='ocr_line' id='line_1_36' title="bbox 255 3059 815 3129; baseline -0.005 -15"><span class='ocrx_word' id='word_1_162' title='bbox 255 3061 339 3124; x_wconf 78' lang='lat' dir='ltr'>Quam</span> <span class='ocrx_word' id='word_1_163' title='bbox 356 3063 445 3115; x_wconf 87' lang='lat' dir='ltr'>virum</span> <span class='ocrx_word' id='word_1_164' title='bbox 462 3065 510 3115; x_wconf 88' lang='lat' dir='ltr'>aut</span> <span class='ocrx_word' id='word_1_165' title='bbox 526 3063 609 3116; x_wconf 87' lang='lat' dir='ltr'>heroa</span> <span class='ocrx_word' id='word_1_166' title='bbox 625 3063 683 3129; x_wconf 83' lang='lat' dir='ltr'>lyra</span> <span class='ocrx_word' id='word_1_167' title='bbox 699 3059 743 3112; x_wconf 80' lang='lat' dir='ltr'>vel</span> <span class='ocrx_word' id='word_1_168' title='bbox 760 3059 815 3112; x_wconf 86' lang='lat' dir='ltr'>aeri</span> 
     </span>
     <span class='ocr_line' id='line_1_37' title="bbox 255 3135 681 3202; baseline -0.002 -14"><span class='ocrx_word' id='word_1_169' title='bbox 255 3135 333 3188; x_wconf 85' lang='lat' dir='ltr'>Tibia</span> <span class='ocrx_word' id='word_1_170' title='bbox 350 3136 434 3189; x_wconf 91' lang='lat' dir='ltr'>sumis</span> <span class='ocrx_word' id='word_1_171' title='bbox 451 3135 597 3202; x_wconf 82' lang='lat' dir='ltr'>celebrare,</span> <span class='ocrx_word' id='word_1_172' title='bbox 615 3136 681 3201; x_wconf 84' lang='lat' dir='ltr'>Clio,</span> 
     </span>
    </p>
   </div>
   <div class='ocr_carea' id='block_1_10' title="bbox 0 0 1149 3448">
    <p class='ocr_par' dir='ltr' id='par_1_10' title="bbox 0 0 1149 3448">
     <span class='ocr_line' id='line_1_38' title="bbox 0 0 1149 3448; baseline 0 0"><span class='ocrx_word' id='word_1_173' title='bbox 0 0 1149 3448; x_wconf 95' lang='lat' dir='ltr'> </span> 
     </span>
    </p>
   </div>
   <div class='ocr_carea' id='block_1_11' title="bbox 148 2464 917 2538">
    <p class='ocr_par' dir='ltr' id='par_1_11' title="bbox 148 2049 1114 2712">
     <span class='ocr_line' id='line_1_39' title="bbox 148 2464 917 2538; baseline 0.003 -19"><span class='ocrx_word' id='word_1_174' title='bbox 148 2466 273 2520; x_wconf 77' lang='lat' dir='ltr'>&#39;laetaris</span> <span class='ocrx_word' id='word_1_175' title='bbox 288 2483 422 2522; x_wconf 88' lang='lat' dir='ltr'>numeros.</span> <span class='ocrx_word' id='word_1_176' title='bbox 457 2469 498 2522; x_wconf 87' lang='lat' dir='ltr'>Ut</span> <span class='ocrx_word' id='word_1_177' title='bbox 514 2469 612 2523; x_wconf 88' lang='lat' dir='ltr'>melius</span> <span class='ocrx_word' id='word_1_178' title='bbox 629 2467 764 2538; x_wconf 88' lang='lat' dir='ltr'>quidquid</span> <span class='ocrx_word' id='word_1_179' title='bbox 781 2467 836 2520; x_wconf 89' lang='lat' dir='ltr'>erit</span> <span class='ocrx_word' id='word_1_180' title='bbox 852 2464 917 2535; x_wconf 87' lang='lat' dir='ltr'>pati,</span> 
     </span>
    </p>
   </div>
   <div class='ocr_carea' id='block_1_12' title="bbox 1010 3403 1100 3412">
    <p class='ocr_par' dir='ltr' id='par_1_12' title="bbox 1010 3403 1100 3412">
     <span class='ocr_line' id='line_1_40' title="bbox 1010 3403 1100 3412; baseline 0.011 -2"><span class='ocrx_word' id='word_1_181' title='bbox 1010 3403 1100 3412; x_wconf 53' lang='lat' dir='ltr'>-b-</span> 
     </span>
    </p>
   </div>
  </div>
 </body>
</html>
