2268 3448
414 150 619 198 calaminum
634 153 657 198 1.
675 151 714 198 29,
955 152 985 202 le

174 221 283 280 Occidit
300 225 330 279 et
348 222 457 294 Pelopis
474 225 588 294 genitor,
605 226 717 280 conviva
734 226 855 294 deorum,

207 299 393 368 Tithonusque
411 304 532 355 remotus
548 299 578 354 in
595 317 674 356 auras

173 373 212 429 lit
228 374 247 428 J
249 373 306 428 ovis
322 374 427 428 arcanis
444 373 535 429 Minos
552 375 693 443 ednaham,
711 374 868 446 habentque

207 449 319 504 Tartara
337 446 507 505 Panthoiden
523 449 624 504 iterum
641 449 711 504 Orco
963 465 986 506 rc

172 523 335 593 Demissum,
353 524 475 594 quamvis
492 525 579 594 clipeo
596 525 712 594 Trojano
728 526 814 580 refixo

207 599 339 669 'l'empora
355 603 474 654 testatus
492 599 559 654 nihil
576 600 649 655 ultra

169 674 279 729 Norvos
295 678 379 744 atque
396 679 486 730 cutem
504 676 586 730 morti
603 679 774 732 concesserat
791 680 873 744 atrae,

206 750 307 805 Judice
323 754 353 805 te
370 767 423 804 non
441 751 567 806 sordidus
583 755 678 806 auctor

173 825 295 879 Naturae
312 825 430 895 verique.
465 827 521 882 Sed
537 843 631 882 omnes
647 845 702 882 una
718 830 810 882 manet
827 842 882 880 nox
963 839 985 880 re

207 901 245 954 Et
261 900 389 954 calcanda
406 902 490 955 semel
506 902 551 956 via
566 902 629 957 leti:

173 974 249 1029 Dant
266 975 333 1030 alios
350 976 450 1030 Furiae
466 980 544 1030 torvo
562 977 716 1047 spectacula
732 975 832 1042 Marti3

208 1050 301 1104 Exitio
318 1054 361 1105 est
378 1050 488 1104 avidum
505 1067 581 1106 mare
597 1052 705 1116 nautis;

173 1125 263 1180 Mixto
280 1141 374 1180 senum
392 1142 424 1179 ac
437 1125 569 1193 juvenum
586 1126 736 1180 densentur
753 1126 856 1189 funcra,
874 1125 977 1178 nullum

205 1201 294 1276 §aeva
310 1203 392 1270 caput
410 1200 572 1269 Proserpina
588 1201 666 1268 fugit
961 1214 985 1252 ao

174 1275 221 1330 hle
239 1291 346 1344 quoque
356 1274 461 1340 ,devexi
479 1276 591 1345 rapidus
608 1291 698 1330 comes
715 1273 824 1330 Orionis

209 1349 323 1419 Illyricis
341 1349 430 1405 Notus
447 1349 539 1406 obruit
555 1350 643 1406 undis.

175 1425 215 1479 At
232 1428 271 1491 tu,
288 1429 379 1493 nauta
396 1441 532 1494 aegeone
549 1443 630 1496 parce
647 1427 780 1495 malignus
797 1440 894 1482 menae

209 1499 322 1554 Ossibus
339 1505 369 1555 ct
385 1502 469 1570 capiti
485 1502 632 1556 inhumato

175 1575 339 1630 Particulem
351 1575 429 1630 dare:
444 1576 483 1630 sic
494 1576 674 1646 quodcunque
685 1575 833 1629 minabitur
845 1575 933 1629 liranis
960 1588 984 1628 25

209 1651 351 1706 Fluctibus
369 1651 512 1720 Hesperiis
530 1651 684 1704 Venusinae

175 1726 334 1780 Plectentur
351 1721 433 1778 silvae
449 1728 479 1780 te
490 1721 605 1794 sospite,
621 1725 761 1794 multaque
778 1725 880 1779 merces

208 1801 291 1855 Unde
307 1803 399 1870 potest
415 1800 467 1854 tibi
484 1800 587 1854 defluat
603 1815 691 1874 aequo

175 1876 222 1930 Ab
239 1877 309 1932 Jove
326 1876 509 1946 Neptunoque
527 1875 595 1929 sacri
611 1874 724 1929 custode
742 1873 861 1929 Tarenti.

209 1951 235 2004 N
237 1951 333 2019 egligis
349 1951 492 2005 immeritis
509 1951 660 2004 nocituram
961 1966 983 2006 eo

175 2025 323 2080 Postmodo
340 2029 369 2080 te
385 2026 458 2080 natis
474 2026 598 2079 taudem
615 2023 804 2078 committeret
839 2020 908 2078 Fors
925 2029 955 2078 et

209 2100 311 2155 Debita
322 2100 388 2169 jure
404 2101 530 2170 vicesque
548 2099 680 2169 superbae

175 2175 214 2229 'l'o
231 2179 360 2229 maneant
376 2175 478 2244 ipsumt
494 2175 620 2244 precibus
637 2191 690 2228 non
707 2175 816 2244 linquar
831 2173 931 2241 inultis,

210 2250 302 2324 'leque
319 2251 426 2322 piacula
443 2251 516 2304 nulla
532 2251 676 2304 resolvent.

176 2325 345 2395 Quamquam
361 2325 473 2380 festinas
490 2342 544 2380 non
561 2329 605 2379 est
621 2341 697 2378 mora
713 2325 807 2392 longa;
823 2324 917 2378 licebit
959 2340 983 2379 as

169 2425 171 2432 v
209 2400 316 2469 injecto
333 2405 377 2456 ter
393 2401 504 2469 pulvere
522 2415 625 2470 curras

509 2537 617 2594 XXIX.

276 2623 341 2690 locs,
358 2619 447 2676 beatis
463 2636 535 2676 nunc
552 2619 675 2675 Arabum
692 2620 796 2677 lnmdes

276 2698 364 2766 Gazis,
382 2701 412 2751 et
428 2712 517 2750 acrem
535 2696 659 2751 militiam
676 2712 756 2766 peras

310 2773 337 2826 N
339 2789 374 2825 on
391 2774 455 2826 ante
473 2771 587 2826 devictis
605 2771 724 2826 Sabaeae

345 2847 474 2916 Regibus,
492 2847 668 2915 horribilique
686 2846 770 2900 Medo

277 2921 372 2976 Noctis
389 2926 505 2976 catenas
538 2921 615 2984 Quae
632 2921 684 2975 tihi
701 2922 836 2990 virginum
973 2937 987 2979 e

278 2997 381 3066 Sponso
398 2999 496 3050 neceto
512 2994 629 3049 barbara
645 2997 764 3052 servictl

311 3072 384 3126 Puer
400 3071 461 3142 quis
478 3087 514 3125 cx
531 3071 593 3124 aula
609 3070 712 3138 capillis

344 3145 392 3201 Ad
408 3146 535 3215 cyathum
553 3149 690 3200 statuetur
706 3147 803 3217 unctis,

198 3233 212 3277 3
