2276 3448
121 151 180 202 'uc
407 147 562 198 HORA'I'II
579 147 709 196 FLAOOI

124 229 173 288 ,Tu
190 243 280 284 comes
297 229 416 286 exterior
433 227 457 282 si
474 227 595 295 postulet
611 217 653 280 ire
669 225 800 282 recuses?

132 305 229 358 “Utne
246 307 339 372 tegam
357 319 453 372 spurco
470 303 575 357 Demos
592 301 684 357 lstnsi
718 302 803 356 Haud
820 303 860 357 ito
879 305 979 375 Trojoe

133 379 179 432 Me
196 378 268 446 gessi
284 381 395 441 certans
412 394 520 445 semper
536 376 715 432 melioribus.”
751 379 846 446 “Ergo

133 453 241 521 Pauper
252 453 327 508 eris?
353 454 371 510 ,“
378 453 490 508 Fortem
500 453 552 506 hoc
562 451 681 506 animum
692 452 810 506 tolerare
818 451 939 520 jubebo;
952 470 979 510 ιι

132 528 169 582 Iit
187 529 323 597 quondam
339 527 445 596 majore
461 527 519 582 tuli.
555 527 597 580 'lu
612 527 736 595 protinus
752 528 826 582 unde

132 602 248 658 Divitias
265 603 390 671 serisque
407 618 485 656 ruem
502 601 554 670 dic,
572 617 666 670 ougm,
683 603 813 656 acervos?

131 678 212 730 “Dixi
230 678 358 745 equidem
375 679 406 730 et
423 677 497 731 dico:
515 679 609 746 mptes
626 681 732 730 astutus
749 677 852 746 ubique

132 752 305 806 Testomente
323 767 425 818 senum,
443 767 504 816 neu,
522 750 544 804 si
562 751 637 804 veter
653 766 722 804 unus
738 754 769 805 ct
785 751 856 806 alter

132 827 324 880 Insidiatorem
341 841 469 896 praeroso
486 826 587 892 fugerit
604 825 691 894 homo,
871 845 873 852 ’
957 848 979 888 q

132 905 191 955 Aut
208 918 284 969 spem
302 901 421 970 depones
438 903 487 955 sut
503 904 593 954 ortem
610 901 705 955 illusus
723 902 839 958 omittes

131 975 232 1044 Magno
248 976 370 1030 minorve
386 976 445 1030 foro
463 975 487 1029 si
503 991 548 1029 res
565 975 717 1030 certabitur
733 977 805 1045 olim,

131 1051 214 1105 Vivet
231 1055 295 1106 uter
307 1051 432 1120 locuples
449 1050 507 1104 sine
523 1051 603 1119 ustis,
619 1050 766 1118 improbus,
783 1052 857 1105 ultro

82 1139 85 1144 ·
132 1125 183 1186 Qui
202 1126 340 1181 meliorem
358 1126 448 1180 eudex
465 1129 543 1180 vocet
559 1126 587 1178 in
600 1124 655 1193 jus,
673 1125 746 1178 illius
763 1130 822 1180 esto

132 1201 279 1266 Defensor,
295 1201 368 1256 foma
386 1201 472 1254 civem
490 1216 625 1268 musaque
642 1199 761 1268 priorem
955 1218 979 1258 to

133 1276 244 1342 Sperne,
262 1275 337 1328 domi
354 1276 377 1328 si
395 1278 477 1328 natus
494 1275 548 1328 erit
564 1274 714 1329 secundove
730 1275 836 1344 conjux.

131 1349 261 1417 ‘Quinte’
271 1353 345 1419 pute,
357 1353 405 1404 eut
417 1348 525 1414 ‘Publi’
539 1349 669 1417 (gaudent
680 1352 855 1422 praenomine
866 1352 963 1406 molles

131 1424 287 1490 Auriculae>
306 1423 373 1478 ‘tibi
390 1441 435 1478 me
451 1423 538 1477 virtus
554 1428 604 1478 tus
620 1425 685 1501 fecit
701 1426 832 1492 amicum3
897 1451 900 1459 ·

130 1499 149 1552 J
152 1516 183 1554 us
200 1515 299 1568 anceps
317 1500 387 1567 nori,
406 1516 501 1554 censos
518 1499 667 1554 defendere
683 1517 807 1568 possum3

130 1574 236 1644 Eripiet
254 1576 342 1644 quiris
359 1575 450 1630 oculos
467 1575 548 1629 citius
564 1575 638 1642 milri,
655 1591 737 1644 quom
747 1580 784 1630 ,te
955 1594 980 1632 ss

130 1650 323 1720 contemptum
340 1667 415 1706 cesse
432 1667 501 1704 nuce
518 1654 664 1719 pauperem
681 1651 747 1705 hoec
763 1667 825 1705 mee
842 1667 907 1706 curn
926 1657 977 1720 est,

131 1721 173 1780 Ne
191 1725 258 1794 quid
275 1729 307 1780 tu
324 1727 424 1795 perdas
440 1726 549 1780 nensis
563 1725 655 1793 jocus!
692 1725 739 1780 Ire
755 1725 865 1780 domum
883 1731 968 1796 etque

127 1800 289 1855 -Pellioulem
307 1817 403 1856 curere
416 1801 498 1870 jubo;
516 1801 535 1854 fi
553 1800 690 1868 cognitor3
707 1800 766 1869 ipse

131 1876 228 1930 Perste
245 1879 329 1944 atque
346 1876 459 1945 obduro,
477 1893 527 1930 seu
543 1875 626 1928 rubro
645 1875 772 1930 Canicula
788 1875 875 1939 findet

61 1991 64 1996 .
130 1951 254 2004 Infantes
272 1954 385 2019 statues,
404 1967 453 2006 seu
470 1951 565 2020 pingui
582 1953 675 2004 tentus
692 1965 783 2004 omeso
950 1963 973 2002 ιι

130 2025 228 2078 Furius
245 2024 375 2080 hibernes
391 2042 459 2080 cano
476 2026 538 2079 nire
554 2028 685 2094 conspuet
702 2025 794 2094 Alpes
972 2031 974 2036 '

129 2100 226 2156 Nonne
239 2099 329 2167 tides,
347 2099 445 2169 uliquis
463 2100 554 2154 cubito
572 2103 690 2154 stantem
707 2115 793 2168 prope
809 2103 925 2168 tangens

130 2175 249 2244 inquiet,
266 2178 299 2228 ιιι
315 2175 430 2243 petiens,
448 2179 480 2228 ut
498 2175 591 2228 amicis
609 2179 697 2243 aptus,
714 2179 747 2229 ut
764 2177 845 2230 seori

130 2251 226 2304 Plures
244 2249 385 2304 adnabunt
401 2250 498 2304 thunni
515 2253 545 2304 et
562 2251 664 2304 ceteris
681 2254 810 2304 crescent.

130 2326 160 2379 Si
177 2326 220 2380 oui
237 2328 383 2394 praetereo
400 2325 505 2379 validus
522 2326 593 2380 male
610 2325 682 2378 fliius
699 2325 727 2378 in
744 2341 775 2378 re
954 2339 979 2380 ss

131 2401 274 2456 Praeclare
292 2401 415 2456 sublatus
431 2400 528 2469 aletur,
545 2418 581 2454 ne
597 2401 772 2454 menifestum

132 2475 250 2530 Caeritis
268 2475 427 2546 obsequium
444 2475 531 2530 nudet
548 2479 585 2543 te,
602 2476 701 2530 leniter
716 2476 746 2528 in
763 2491 840 2544 spem

130 2551 244 2620 Adrepe
261 2551 400 2620 officiosus,
417 2553 449 2604 ut
466 2554 496 2604 et
515 2550 634 2604 scribere
651 2550 786 2606 secundus

130 2626 220 2680 Heres
238 2629 275 2694 et,
292 2625 315 2678 si
333 2626 394 2693 quis
411 2641 489 2679 ossus
506 2641 621 2692 puerum
638 2626 726 2694 egerit
744 2625 822 2695 Oreo,

129 2701 164 2754 In
181 2716 296 2755 vacuum
313 2700 419 2754 venies:
436 2715 551 2767 perraro
568 2699 711 2753 hoeceleo
726 2700 805 2754 fallit.
863 2694 864 2700 '
954 2723 981 2762 so
1047 2695 1062 2756 ⁸.

75 2829 80 2838 ,
130 2776 183 2858 Qui
200 2778 395 2830 testamentum
412 2773 506 2827 omues
522 2773 574 2828 tibi
592 2790 697 2843 cunque
714 2775 872 2844 legendum,-

131 2851 262 2905 Abnnere
280 2854 309 2905 ct
326 2849 433 2904 tubulos
450 2866 467 2902 o
484 2851 513 2904 te
531 2865 671 2904 removere
687 2855 832 2917 memento,
928 2901 930 2904 .
1038 2847 1043 2858 '

130 2927 175 2978 Sic
191 2929 283 2978 tamen
301 2928 332 2978 ut
349 2924 420 2976 limis
437 2925 527 2992 rapies
545 2924 612 2992 quid
628 2925 718 2992 primo
735 2925 854 2978 secundo

131 2999 201 3050 Cere
217 2999 285 3050 velit
302 3014 397 3061 versu;
417 2998 490 3050 solus
507 2998 634 3052 multisne
652 2998 771 3065 coheres,
1052 3057 1060 3076 ·

130 3071 225 3130 ‚Veloci
242 3087 369 3135 percurre
387 3071 470 3124 ocule.
507 3072 669 3139 Plerumque
686 3075 809 3125 recoctus
953 3089 979 3131 ss

130 3143 226 3198 Scribo
243 3159 278 3195 cx
295 3143 472 3210 quinqueviro
490 3161 598 3198 corvum
616 3145 730 3198 deludet
747 3145 876 3213 hiantem,
