2276 3448
381 178 635 234 EPISAOLARUM
653 186 676 234 1.
697 187 733 235 ιι.
935 171 977 234 im

134 260 217 318 Alter
234 258 341 315 rixatur
359 262 395 316 de
411 262 473 317 lana
490 279 572 334 saepe
590 264 707 333 caprina,
962 280 985 318 ιε

134 337 297 406 Propugnat
312 337 391 404 nugis
409 341 544 394 armatus:
562 339 576 366 “
581 339 690 394 Scilicet
706 341 739 394 ut
755 355 808 396 non

134 412 179 468 Sit
195 413 263 465 mihi
283 413 371 482 prima
388 413 465 480 fides,
483 418 513 468 et
530 431 594 468 vere
609 414 683 483 quod
700 413 791 482 placet
808 418 841 469 ut
857 431 911 468 non
940 409 947 424 ⁹

135 487 248 542 Acriter
266 488 393 542 elatrem!
420 489 554 542 'Pretium
572 493 647 544 aetas
664 489 752 543 altera
769 489 887 544 sordet.'’

135 562 297 631 Ambigitur
309 561 376 631 quid
388 563 477 618 enimi
513 563 611 618 Castor
623 564 691 618 sciat
702 581 737 617 an
749 563 877 618 Dolichos
888 564 965 634 plus;

135 637 314 692 Brundisium
332 637 435 691 Minuci
452 637 549 694 melius
566 639 611 692 sia
627 637 710 692 ducat
727 655 762 692 an
781 639 863 708 Appi.
959 655 984 694 ao

136 714 224 778 Quem
242 713 373 766 damnosa
391 712 493 781 Venus,
512 729 594 782 quem
612 729 742 782 praeceps
759 713 819 767 alea
835 712 930 778 nudat,
973 761 976 768 .

136 787 230 842 Gloria
248 803 329 856 quem
347 803 430 856 supra
446 787 519 842 vires
536 793 566 842 ct
583 787 667 842 vestit
684 792 713 842 ct
729 789 816 856 ungit,

136 864 225 927 Quem
242 866 321 916 tenet
338 863 446 930 argenti
464 863 524 918 sitia
541 864 698 931 importuna
713 863 860 932 famesque,

136 938 225 1002 Quem
241 938 411 1006 paupertatis
428 937 563 1006 puderet
580 937 652 1006 iuga,
671 938 748 991 dives
765 939 867 992 amisus

136 1015 224 1081 Saepe
242 1011 337 1066 decem
355 1012 429 1066 vitiis
445 1011 605 1066 instructior
622 1011 682 1064 odit
700 1015 730 1065 et
747 1011 854 1066 horret:
962 1026 985 1064 as

137 1089 197 1142 Aut
215 1087 238 1140 si
255 1103 309 1140 non
327 1087 387 1141 odit
405 1088 485 1154 regit,
504 1103 536 1140 ac
553 1086 638 1140 veluti
655 1087 700 1154 pia
717 1089 806 1140 mater

137 1162 203 1217 Plus
221 1179 302 1230 quam
320 1178 350 1216 se
368 1179 462 1230 sapere
480 1165 509 1216 et
526 1161 673 1216 virtutibus
692 1177 752 1214 esse
766 1161 883 1230 priorem

138 1236 213 1304 Vult,
231 1241 260 1290 et
277 1237 317 1291 ait
334 1253 419 1305 prope
436 1253 514 1291 vera:
533 1235 636 1290 “Meae
655 1236 829 1305 (contendere
846 1235 908 1303 noli)

137 1309 289 1366 stultitiam
306 1311 447 1377 patiuntur
464 1325 546 1380 opes;
563 1309 615 1364 tibi
632 1312 745 1379 parvula
762 1328 806 1366 res
824 1316 878 1365 cst:

137 1388 210 1439 Arta
226 1385 307 1439 decet
324 1401 419 1439 sanum
437 1387 564 1440 comitem
581 1391 660 1454 toga;
679 1387 774 1441 desino
791 1403 897 1440 mecum
962 1401 987 1441 ao

137 1461 275 1514 Cartare?
310 1461 474 1529 Eutrapelus
491 1462 642 1529 cuicunque
660 1477 758 1516 nocere
774 1462 883 1516 volebat

136 1535 312 1590 Vestimenta
328 1535 413 1588 dabat
430 1535 563 1604 pretiosa:
582 1535 681 1589 beatus
698 1537 770 1589 enim
785 1535 845 1604 jam
922 1585 929 1598 ,

137 1611 207 1664 (lum
225 1610 345 1678 pulchris
362 1611 463 1664 tunicis
481 1611 570 1664 sumet
587 1625 658 1664 nova
674 1610 785 1664 consilia
803 1615 833 1663 et
850 1627 918 1679 spes,

137 1685 264 1739 Dormiat
281 1685 309 1738 in
327 1685 422 1752 lucem,
440 1689 530 1739 scorto
545 1688 693 1754 postponet
709 1683 854 1738 honestum
906 1755 907 1760 ἵ

138 1759 272 1826 Officium,
288 1775 413 1813 nummos
429 1759 531 1814 alienos
547 1763 649 1830 pascet,
666 1759 703 1812 ad
719 1759 803 1812 imum
842 1779 848 1784 ·
959 1775 982 1813 ss

138 1835 229 1888 Thrax
246 1835 301 1908 cpit
317 1837 366 1889 aut
383 1831 488 1888 olitoris
506 1839 570 1903 aget
586 1833 714 1889 mercede
731 1833 871 1890 caballum.

138 1914 278 1963 Arcanum
295 1925 385 1978 neque
402 1913 434 1964 tu
452 1909 617 1966 scrutaberis
634 1909 706 1963 illius
723 1925 849 1980 unquam,

139 1984 372 2052 Commissumque
390 1988 467 2052 teges
478 1989 515 2039 'ct
531 1985 594 2038 vino
611 1988 700 2038 tortus
718 1989 747 2038 ct
763 1985 818 2049 ira;

138 2059 198 2114 Noc
214 2062 264 2125 tua¹
280 2058 405 2113 laudabis
422 2060 514 2113 studia
531 2064 580 2115 aut
596 2059 685 2113 aliena
703 2060 859 2129 reprendes,

138 2135 197 2189 Neo
215 2151 276 2189 cum
294 2135 387 2188 venari
404 2135 478 2189 volet
494 2136 542 2189 ille
560 2139 687 2204 mimate
703 2153 812 2204 pangas.
962 2152 985 2190 aa

139 2211 236 2264 Gratia
253 2211 292 2264 sic
308 2211 424 2264 fratrum
441 2211 611 2280 geminorum
630 2211 792 2279 Amphionis
810 2215 892 2280 atque

138 2286 217 2340 Zethi
235 2285 360 2354 dissiluit,
379 2285 465 2340 donec
483 2290 610 2354 suspecta
628 2301 721 2340 severo

138 2361 277 2416 Conticuit
293 2361 357 2430 lyra.
393 2360 534 2414 Fraternis
551 2359 665 2414 cessisse
680 2363 794 2427 putatur

139 2436 262 2489 Moribus
281 2435 434 2505 Amphion:
454 2439 487 2488 tu
504 2435 572 2488 cede
589 2435 710 2503 petentis
727 2433 805 2487 amici

139 2509 259 2564 Lenibus
276 2509 405 2578 imperiis,
424 2510 585 2578 quotiesque
603 2508 702 2562 educet
719 2509 748 2562 in
765 2525 843 2576 agros
964 2519 987 2555 45

139 2585 246 2638 Aetolis
262 2590 375 2639 onerata
392 2584 480 2661 plagis
494 2584 621 2653 jumenta
639 2599 782 2653 canesque,

58 2703 63 2712 .
139 2660 227 2728 Surge
244 2662 274 2714 et
290 2659 455 2714 inhumanae
472 2661 577 2715 senium
595 2659 702 2728 depone
720 2661 861 2728 Camenae,

139 2735 244 2788 Ooenes
259 2737 292 2788 ut
309 2735 414 2805 pariter
429 2735 572 2806 pulmenta
588 2735 727 2788 laboribus
745 2737 852 2803 empta3

140 2809 269 2864 Romanis
287 2810 418 2864 sollemne
435 2811 501 2866 riris
519 2827 594 2880 opus,
610 2810 679 2864 utile
696 2811 784 2863 famae

138 2884 276 2955 ¹llitaeque
293 2889 323 2942 ct
340 2878 477 2953 memhris,
496 2886 658 2956 praesertim
676 2902 737 2939 cum
754 2884 845 2938 valeas
862 2888 892 2938 et
960 2897 985 2938 to
1007 2921 1009 2926 -

140 2958 192 3014 Vel
209 2976 292 3013 cursu
303 2976 438 3028 'superero
456 2975 550 3013 canem
567 2960 612 3013 vel
630 2958 733 3012 viribus
750 2974 847 3025 aprum
886 2971 888 2978 ·

138 3031 237 3089 Possis.
273 3035 356 3088 Adde
374 3035 463 3087 vlulia
481 3034 555 3103 quod
571 3032 719 3102 ‘speciosius
736 3049 813 3086 mina

137 3108 165 3162 N
166 3125 201 3162 on
219 3114 263 3162 est
281 3110 328 3178 qui
347 3113 461 3165 tractet:
481 3109 541 3176 scis,
560 3123 614 3176 quo
630 3105 881 3162 clamorc'eoronae

139 3183 247 3238 Proelia
266 3183 400 3237 sustineas
417 3182 595 3252 campestria;
616 3181 734 3251 denique
749 3199 856 3235 sacram
