2268 3448
261 221 263 226 ,
375 169 577 224 CARMINUM
594 169 632 218 11.
650 171 673 229 2,
693 171 720 218 3.

293 255 419 309 Testatur
435 251 615 321 auditumque
632 250 724 306 Medis

327 328 479 398 Hesperiae
496 328 614 382 sonitum
631 327 744 382 ruinael

141 453 144 460 .
259 403 312 470 Qui
328 421 429 473 gurges
446 407 494 458 eut
511 421 582 473 quae
599 403 710 458 flumine
727 401 850 471 lugubris

259 480 359 548 Ignuru
375 479 460 534 bellil
478 479 552 549 quod
569 495 645 534 mure
663 477 786 532 Dauniae

292 555 319 608 N
321 571 356 608 on
374 555 562 618 decoloravere
579 554 696 609 coedesl

327 630 404 695 Quae
420 634 496 684 curet
513 646 561 684 oro
577 645 673 684 eruore
689 629 802 682 nostrol

259 705 316 760 Sed
332 722 368 760 ue
384 705 494 774 relictis,
512 705 593 760 Muse
608 720 716 774 precox,
729 703 801 772 jocis

260 780 331 836 cene
348 785 480 836 retr-netes
497 797 610 836 munere
626 780 740 836 neniae:

294 856 403 910 Mecum
420 856 541 910 Dionaeo
559 855 610 910 sub
628 859 706 910 nutro

329 931 435 996 Quaere
451 931 546 985 modos
562 931 663 986 leniore
679 930 789 1000 plectro.

528 1071 569 1126 11.

260 1156 375 1210 Noctua
391 1157 504 1223 urgento
522 1155 595 1208 color
612 1157 656 1210 est
672 1154 760 1209 everis

260 1230 365 1284 Abdito
382 1230 472 1294 terris,
489 1229 597 1284 inimice
614 1230 720 1284 lamnae

260 1305 355 1374 Crispe
373 1305 491 1360 Sallusti.
508 1305 561 1358 nisi
578 1309 730 1375 temperato

294 1381 442 1450 Splendeat
459 1397 518 1434 usu.

260 1455 343 1510 Vivet
360 1459 472 1516 extento
490 1455 645 1510 Proculeius
663 1471 730 1509 uero

261 1531 350 1585 Notus
367 1531 396 1584 in
413 1531 513 1584 lintres
532 1531 614 1584 animi
632 1530 769 1598 potorum·

261 1605 343 1660 Illum
360 1608 425 1673 eget
440 1621 530 1672 penno
546 1608 686 1659 metuente
704 1604 770 1658 solvi

295 1681 379 1734 Fame
397 1683 543 1748 superstes.
643 1702 646 1710 =

260 1755 357 1810 Latius
374 1769 472 1824 regnes
488 1753 598 1811 aridum
616 1754 752 1809 demendo

260 1831 400 1906 Spiritum,
418 1846 499 1900 quom
517 1830 540 1884 si
558 1829 673 1899 Libyam
690 1833 802 1886 remotis

154 1962 157 1972 ,
260 1906 383 1961 Gadibus
395 1905 496 1974 jungas
513 1909 543 1962 et
559 1909 676 1975 uterque
694 1906 802 1961 Poenus

296 1982 403 2036 Serviat
420 1981 475 2036 uni.
539 2025 541 2032 ,

260 2057 365 2112 Crescit
381 2057 526 2125 indulgens
543 2057 596 2112 sibi
614 2057 690 2112 dirus
707 2057 833 2128 hydrops,

260 2132 286 2186 N
288 2149 319 2186 ec
336 2133 410 2186 sitim
426 2133 505 2202 pellit
521 2133 574 2187 nisi
591 2149 672 2187 oense
689 2133 776 2188 morbi

261 2207 375 2276 Fugerit
391 2207 468 2262 renis
486 2211 516 2263 et
532 2224 649 2280 aquosus
669 2208 730 2262 albo

294 2283 413 2352 Corpore
430 2283 557 2352 languor.⁴
594 2292 596 2298 '

261 2358 412 2413 Redditum
430 2359 493 2426 Gyri
511 2358 577 2412 solio
596 2358 732 2413 Phraaten
780 2359 782 2364 '

260 2434 404 2488 Dissidens
420 2433 494 2500 plebi
511 2449 624 2486 numero
641 2432 785 2487 beatorum

261 2509 365 2563 Eximit
382 2507 487 2576 Virtus,
504 2507 687 2578 populumque
704 2507 779 2562 falsis

295 2583 419 2637 Dedecet
435 2583 477 2636 uti
577 2626 580 2630 .

261 2658 388 2727 Vocibus,
406 2673 520 2726 regnum
537 2661 568 2713 ot
585 2658 711 2714 diadema
727 2662 817 2716 tutum

261 2735 394 2789 Deferens
410 2734 458 2788 uni
474 2735 666 2805 propriumque
683 2735 789 2790 leuium

262 2809 391 2879 Quisquis
408 2809 532 2878 ingentes
550 2811 627 2868 oculo
644 2811 776 2866 inretorto

295 2886 408 2956 Spectet
424 2901 540 2940 acervos.

520 3028 579 3084 111.·
624 3073 630 3084 .

263 3115 387 3172 Aneonis
404 3114 542 3168 memento
560 3109 642 3166 rebus
659 3111 688 3168 in
706 3112 799 3167 arduis

262 3189 376 3245 Servare
393 3193 521 3256 mentem,
538 3203 593 3242 nou
607 3202 688 3243 'secus
704 3187 734 3241 in
750 3187 829 3242 bonis

936 164 979 220 n

944 561 969 600 ee
