2288 3444
411 175 659 227 sA'lQfflARUMI
673 180 696 228 6.
957 181 1000 228 121

132 231 206 317 'om
224 269 237 307 s
237 253 342 323 npet
333 271 362 308 m
379 255 467 310 titulis
484 260 514 311 et
530 258 700 326 imaginibus
735 259 808 324 Quid
825 263 934 340 oportet

151 329 178 382 N
180 345 211 382 os
228 329 318 384 facere
335 345 351 382 a
368 331 453 398 vulgo
466 331 546 400 longo
563 332 627 385 lone
608 349 697 400 geque
714 336 849 388 remansi

152 404 280 473 Namque
298 408 356 458 esto
373 407 487 474 populus
506 407 623 462 Laevino
640 407 734 462 mallet
751 409 880 463 honorem

130 521 134 528 .
152 479 242 543 Quam
260 480 345 533 Decio
361 481 491 548 mandare
509 499 586 550 novo,
604 499 753 552 censorque
770 488 891 541 moveret
981 501 1004 540 so

153 555 263 624 Appius
279 555 397 624 ingenuo
414 557 437 610 si
455 570 508 610 non
525 574 614 612 essem
631 563 711 627 patre
728 563 821 614 natus:

152 629 208 683 Vel
225 631 324 684 merito
342 633 469 699 quoniam
486 633 514 686 in
531 633 642 702 propria
658 651 712 687 non
729 635 800 702 pelle
818 635 961 703 quiessem.

152 704 211 758 Sed
228 704 349 773 fulgente
366 706 452 760 trahit
468 708 629 762 constrictos
647 709 740 762 Gloria
758 707 846 763 curru'

86 823 98 844 ,
152 779 217 832 Non
234 780 324 833 minus
340 781 447 848 ignotos
464 784 610 850 generosis.
647 784 706 848 Quo
723 783 782 852 tibi,
800 785 869 854 Tilli,

152 855 268 909 Sumere
285 856 441 926 depositum
456 858 564 912 clavum
582 859 696 926 fierique
713 859 840 915 tribunoi
979 875 1004 913 rs

153 930 262 984 Invidia
279 932 395 986 accrevit
412 932 517 1000 privato
535 950 605 1003 quae
621 935 710 987 minor
727 938 808 988 esset.

152 1003 226 1059 Nam
242 1009 276 1060 ut
293 1009 407 1077 quisque
424 1008 533 1062 insanus
551 1009 635 1077 nigris
652 1009 772 1062 medium
789 1009 913 1077 impediit
927 1027 990 1065 crus

153 1080 275 1136 Pellibus
292 1087 321 1137 et
338 1083 423 1136 latum
441 1083 552 1138 demisit
568 1087 680 1153 pectore
697 1084 809 1152 olavum,

153 1156 244 1211 Audit
255 1158 395 1212 continuo:
407 1158 491 1224 “Quis
502 1159 582 1216 homo
594 1159 637 1214 hic
650 1161 709 1214 esti
727 1175 781 1229 quo
793 1163 873 1229 patro
882 1161 1001 1214 natusi”

152 1231 194 1285 Ut
212 1232 235 1285 si
253 1233 300 1301 qui
317 1237 441 1301 aegrotet
459 1249 512 1303 quo
530 1235 625 1288 morbo
643 1235 751 1303 Bamrs,
769 1235 864 1290 haberi
978 1247 1002 1290 so

151 1306 194 1361 Ut
208 1307 302 1376 'cupiat
318 1308 458 1375 formosus,
476 1313 521 1364 eat
538 1325 698 1379 quacunque
715 1306 825 1380 puellis

152 1381 264 1450 Injiciat
281 1399 373 1438 curam
390 1385 539 1454 quaerendi
557 1386 670 1454 singula,
688 1387 761 1454 quali

152 1459 195 1511 Sit
212 1458 287 1526 facie,
305 1475 375 1524 sura,
393 1460 467 1528 quali
483 1461 563 1528 pede,
582 1461 672 1528 dente,
690 1462 799 1530 capillo:

152 1532 198 1586 sic
215 1533 262 1601 qui
278 1533 415 1603 promittit
432 1535 511 1602 cives,
527 1536 625 1590 urbem
643 1535 694 1588 sibi
712 1552 800 1599 curae,

151 1608 302 1676 Imperium
319 1609 377 1662 fore
394 1612 424 1663 et
442 1610 558 1678 Italiam,
567 1610 691 1664 ‘delubra
709 1611 1002 1676 deorumst

152 1683 230 1747 Quo
225 1688 277 1752 pat
278 1700 308 1738 re
326 1685 466 1752 situatas,
484 1701 550 1738 num
567 1689 642 1753 rgno
644 1701 660 1738 a
677 1689 765 1739 nistre
782 1686 948 1754 inhonestus,

151 1758 254 1813 Omnes
270 1759 399 1813 mortales
417 1775 512 1814 curare
529 1764 558 1814 e
577 1777 710 1828 quaerero
727 1761 806 1829 cogit.

151 1835 249 1888 “Tune
267 1835 333 1903 Syri,
352 1835 463 1901 Damae,
481 1839 529 1890 aut
547 1837 658 1904 Dionysi
676 1836 754 1903 filins,
773 1837 857 1890 audes

150 1905 278 1978 Dejicere
296 1928 311 1964 e
328 1927 394 1964 saxo
411 1911 483 1964 cives
501 1915 549 1965 aut
537 1912 677 1966 t·tradere
696 1912 838 1967 Cadmol'’

150 1985 215 2038 “At
232 1985 336 2038 Novius
354 1985 440 2052 colleg
423 2001 457 2038 aa
473 1987 562 2055 gradu
579 1991 642 2056 post
659 2003 703 2041 me
722 1988 802 2042 sedet
819 2005 884 2054 un03
977 2004 1001 2043 lo

151 2058 278 2129 Namque
288 2065 329 2114 es
318 2060 384 2114 rllc
392 2066 472 2128 peter
480 2062 553 2131 quod
561 2069 621 2116 erat
629 2063 727 2116 nicus
741 2063 822 2116 Hoc
829 2064 880 2116 t1b1
892 2064 1001 2117 Paullus

151 2135 191 2189 Et
208 2137 336 2190 Messalla
353 2135 472 2190 viderisl
510 2139 550 2190 At
566 2138 617 2205 hic,
637 2138 660 2190 si
676 2137 749 2206 plost
750 2155 781 2192 re
737 2138 916 2192 tducenta

152 2205 376 2280 Concursantque
393 2211 430 2264 for
429 2228 452 2264 o
469 2213 523 2266 tria
540 2214 642 2279 funera,
661 2231 759 2282 magna
777 2214 885 2268 sonabit

152 2287 261 2341 Cornua
278 2288 352 2357 quod
369 2287 514 2355 vincatque
531 2289 628 2354 tubas3
646 2289 742 2343 saltem
759 2293 838 2344 tenet
855 2290 906 2343 hoc
923 2289 993 2342 nos.'¹

151 2363 233 2418 Nunc
249 2364 285 2417 ad
302 2379 346 2416 me
363 2363 447 2417 redeo
465 2363 593 2417 libertino
610 2367 689 2432 patre
707 2367 810 2430 natum,
850 2397 853 2402 n
887 2371 895 2384 “
978 2379 1002 2418 ιι

153 2437 241 2501 Quem
258 2439 360 2492 rodunt
377 2449 470 2492 omnes
487 2438 614 2492 libertino
631 2441 829 2506 patronatum,

152 2513 178 2565 N
181 2529 233 2566 unc
250 2515 315 2582 quia
333 2529 393 2566 sum
409 2513 469 2578 tibi,
487 2514 637 2580 Maecenas,
656 2513 805 2578 conaictor3
822 2516 851 2566 at
869 2513 933 2567 olim

153 2587 233 2651 Quod
250 2589 317 2641 mihi
334 2591 446 2656 pareret
461 2587 533 2656 legio
551 2588 674 2641 Romana
690 2588 807 2641 tribuno.

86 2661 89 2666 '
152 2662 291 2718 Dissimile
307 2664 359 2717 hoc
374 2663 416 2716 illi
433 2667 491 2729 est;
509 2665 644 2732 quianon
661 2667 693 2718 ut
712 2664 789 2718 forsit
804 2664 933 2718 honorem

151 2738 222 2792 «lure
240 2739 307 2792 mihi
324 2739 446 2793 invideat
463 2739 552 2808 quivis
568 2739 608 2794 ita
624 2743 654 2794 te
672 2756 780 2808 quoque
797 2741 921 2806 enricum,
979 2753 1004 2795 oo

152 2813 320 2868 Praesertim
338 2818 448 2870 cautum
466 2815 562 2883 dignos
578 2832 723 2878 assumere,
740 2832 825 2882 prava

151 2888 312 2943 Ambitione
329 2889 429 2958 procul.
465 2889 584 2943 Felicem
602 2890 692 2943 dicere
709 2907 763 2942 non
780 2889 831 2942 hoc

152 2962 201 3017 Me
218 2979 329 3032 possmn
346 2979 411 3017 casu
428 2963 503 3032 quod
519 2967 549 3016 te
567 2963 680 3017 sortitus
698 2965 831 3026 amlcnm3

151 3036 237 3093 Nulla
254 3039 356 3092 etenim
375 3037 442 3090 mihi
459 3041 488 3090 te
505 3037 562 3089 fors
579 3037 692 3089 obtulit:
710 3037 829 3102 optimus
847 3036 911 3088 olim

148 3110 293 3180 Wirgilius‚
311 3112 464 3181 posthunc
482 3111 582 3162 Varius
601 3109 697 3163 dixere
715 3110 782 3176 quid
803 3125 899 3163 essem.
979 3123 1004 3163 st

150 3183 196 3240 Ut
211 3189 274 3242 veni
291 3203 382 3242 coram
399 3183 537 3251 singultim
554 3199 641 3250 patrea
657 3183 770 3248 locutus,
