2276 3448
151 162 196 212 162
424 157 578 207 HORATII
595 158 724 208 FLAOOI

551 303 591 357 II.

149 392 355 448 morantem
373 391 540 462 scriptorem,
557 392 676 447 maxime
694 393 772 460 Lolli,

148 468 223 522 Dum
241 473 273 522 tu
288 467 425 522 'declamas
443 468 546 521 Romae
565 469 712 522 Praeneste
729 469 833 536 relegi3
982 497 986 504 ·

149 543 202 608 Q'ui
214 543 282 612 quid
293 543 330 598 sit
341 543 492 618 pulchrum,
502 543 569 611 quid
580 545 669 610 turpe,
682 542 750 610 quid
761 544 837 611 utile,
850 545 914 612 quid
929 565 993 618 non,

149 619 261 673 Planius
278 635 310 672 ac
326 619 423 677 melius
442 618 591 687 Chrysippo
609 621 639 672 et
657 618 791 672 Crantore
808 620 883 676 dicit.
1128 687 1129 690 Ἴ

149 695 205 748 Gur
221 695 262 748 ita
277 694 440 748 crediderim
458 694 510 747 nisi
528 693 595 762 quid
611 696 641 747 te
659 693 767 748 detinet
784 695 856 750 andi.
988 715 1000 755 t
1051 699 1054 704 ’
1128 699 1129 702 ’

149 769 254 824 Fabula
271 787 325 839 qua
344 770 450 823 Paridis
466 773 580 838 propter
596 771 724 822 narratur
740 785 860 824 amorem

148 843 262 899 Graecia
279 845 428 899 Barbariae
445 845 519 898 lento
536 843 629 898 collisa
646 843 737 899 duello

148 920 299 974 Stultorum
317 937 412 988 regum
429 923 459 972 et
476 919 636 988 populorum
654 919 777 974 continet
789 925 894 976 aestus.

148 996 274 1050 Antenor
291 999 385 1050 censet
401 995 467 1048 belli
484 993 644 1064 praecidere
661 1011 785 1049 causam:

148 1071 222 1135 Quid
240 1071 318 1125 Paris
326 1075 337 1126 ‘l
372 1071 413 1128 Ut
430 1070 519 1125 salvus
536 1073 635 1138 regnet
652 1070 781 1140 vivatque
798 1069 896 1125 beatus
977 1090 1000 1128 m

148 1147 215 1215 (logi
232 1163 312 1217 posse
329 1149 420 1214 negat.
454 1145 556 1199 Nestor
573 1161 735 1214 cormponere
751 1146 814 1200 lites
920 1167 922 1170 ’

148 1223 228 1276 Inter
247 1222 361 1276 Peliden
378 1221 492 1274 festinat
509 1224 538 1274 et
555 1220 629 1274 inter
646 1221 780 1284 Atridam
871 1230 873 1233 ’

148 1297 231 1350 Hunc
247 1313 330 1363 amor,
348 1295 390 1348 ira
407 1295 517 1364 quidem
537 1295 716 1349 communiter
732 1296 790 1349 urit
806 1299 962 1366 utrumque.

148 1371 289 1440 Quidquid
305 1370 425 1424 delirant
441 1385 520 1437 reges
536 1369 693 1438 plectuntur
710 1370 815 1424 Achivi.
832 1397 835 1408 .

148 1446 296 1512 Seditione‚
314 1445 393 1512 dolis,
411 1444 514 1498 scelere
531 1449 615 1513 atque
631 1444 745 1499 libidine
762 1449 792 1499 et
809 1445 850 1500 ira
977 1463 999 1502 15

148 1522 244 1576 iliacos
262 1521 335 1575 intra
351 1535 444 1574 muros
460 1524 588 1588 peccatur
605 1523 635 1574 et
652 1524 738 1574 extra.

147 1596 253 1651 Rursus
271 1596 338 1666 quid
355 1596 442 1650 virtus
460 1599 490 1649 et
507 1595 578 1663 quid
592 1594 727 1663 sapientia
742 1596 829 1664 possit

147 1671 224 1726 Utile
241 1671 383 1740 proposuit
399 1670 477 1724 nobis
495 1670 635 1736 exemplar
653 1671 761 1738 Ulixen,

80 1782 86 1789 .,
143 1743 337 1813 'Qui'domitor
354 1745 451 1814 Trojae
468 1745 615 1800 mrdtorum
633 1747 763 1814 providus
780 1745 862 1800 urbes

147 1821 184 1876 Et
201 1839 291 1876 mores
308 1822 447 1874 hominum
464 1821 592 1889 inspexit,
611 1820 752 1890 latumque
768 1837 819 1890 per
836 1837 945 1890 aequor,
965 1837 997 1876 ,ao

146 1897 219 1950 Dum
237 1897 289 1951 sibi
307 1898 373 1950 dum
391 1896 470 1949 sociis
486 1893 607 1949 reditum
624 1900 710 1964 parat,
727 1913 825 1965 aspera
842 1898 929 1952 multa

147 1971 266 2026 Pertulit
282 1971 404 2026 adversis
421 1987 513 2024 rerum
530 1971 720 2026 immersabilis
736 1971 824 2027 undis.

146 2047 273 2100 Sirenum
290 2063 369 2100 voces
385 2050 415 2100 et
434 2046 528 2101 Circae
545 2047 642 2114 pocula
658 2045 731 2100 nosti
740 2067 748 2112 ;

146 2123 222 2187 Quae
240 2115 342 2176 sicum
360 2121 438 2175 sociis
456 2121 556 2174 stultus
574 2121 743 2190 cupidusque
759 2120 882 2191 bibisset,

146 2198 206 2251 Sub
221 2197 330 2250 domina
346 2197 489 2251 meretrice
507 2197 604 2251 fuisset
622 2197 711 2266 turpis
728 2200 758 2252 ct
775 2214 877 2266 excors,
974 2215 998 2253 a·

146 2273 269 2327 Vixisset
285 2273 359 2328 canis
376 2271 533 2326 immundus
550 2273 594 2326 rel
611 2273 698 2326 amica
715 2273 773 2326 luto
791 2289 845 2326 sus.

145 2348 171 2402 N
173 2365 203 2402 os
220 2365 349 2402 numerus
368 2365 459 2402 sumus
477 2351 507 2402 et
523 2348 617 2414 fruges
634 2363 792 2402 consumere
808 2347 873 2417 nati,

114 2421 120 2429 “
145 2425 242 2492 Sponsi
260 2425 420 2492 Penelopae,
437 2423 591 2490 nebulones,
610 2423 770 2490 Alcinoique

145 2499 180 2553 In
197 2499 398 2554 cute'curanda
414 2498 476 2566 plus
493 2513 580 2566 aequo
597 2501 710 2565 operata
723 2498 862 2565 juventus,

145 2574 196 2628 Oui
213 2574 357 2643 pulchrum
374 2573 428 2626 fuit
445 2573 473 2626 in
491 2573 595 2626 medios
613 2572 732 2626 dormire
750 2573 810 2626 dies
827 2577 855 2627 et
973 2589 997 2628 aa
1035 2609 1038 2616 .

76 2685 79 2690 n
144 2648 192 2702 Ad
210 2649 355 2717 strepitum
372 2648 493 2701 citharae
510 2650 644 2701 cessatum
662 2647 763 2702 ducere
780 2664 879 2702 curam.

144 2723 185 2777 Ut
199 2723 328 2791 jugulent
345 2723 468 2778 homines
486 2726 600 2790 surgunt
618 2722 654 2776 de
671 2727 753 2777 nocte
769 2723 905 2779 latrones:

144 2797 185 2852 Ut
201 2803 231 2851 tc
249 2799 338 2866 ipsum
357 2813 449 2850 serves
466 2813 520 2850 non
538 2798 754 2866 expergiscerisi
790 2798 878 2868 Atqui

144 2871 267 2927 sinales
285 2889 365 2926 sanus
383 2889 475 2926 onmes
492 2871 671 2940 hydropicus;
689 2876 719 2926 ct
735 2873 765 2926 ni

145 2945 244 2998 Posces
261 2951 324 3001 ante
341 2947 415 3000 diem
432 2946 531 3000 librum
549 2963 611 3001 cum
628 2946 736 3012 lumine,
754 2948 777 3000 si
793 2960 846 2999 non
939 2952 944 2960 '
972 2965 997 3006 aa

145 3018 279 3073 intendes
296 3023 416 3076 animum
434 3022 533 3085 studiis
550 3026 579 3077 et
596 3022 680 3076 rebus
697 3023 827 3090 honestis,

145 3091 253 3145 Invidia
269 3094 313 3146 vel
330 3110 421 3149 amore
438 3096 504 3164 vigil
521 3096 693 3165 torquebere.
729 3097 801 3150 Nam
820 3115 869 3152 cur

145 3165 221 3228 Quae
238 3165 350 3221 laedunt
366 3169 457 3222 oculos
473 3170 585 3224 festinas
603 3171 721 3238 demere,
739 3171 762 3223 si
780 3174 846 3240 quid
