2268 3448
132 167 164 216 82
404 154 557 206 nouam
574 153 705 203 FLAOCI

235 283 236 286 ,
269 239 398 309 Virgines
414 239 524 305 nuptae,
542 237 590 291 tua
606 250 642 290 ne
659 231 783 289 retardet

304 317 382 371 Aura
398 313 518 369 maritos.

532 454 581 509 IX.

272 542 334 597 Non
351 555 458 608 sempor
474 536 576 591 imbres
593 535 711 590 nubibus
727 533 847 602 hispidos

272 617 386 670 llanant
402 615 431 668 in
448 629 528 681 agros
544 614 593 665 aut
610 625 685 664 mare
703 609 830 677 Caspium

307 691 417 745 chant
433 687 589 756 inaequales
605 684 739 754 procellae

340 766 443 833 Usque,
459 779 510 817 nec
528 759 666 815 Armeniis
682 759 711 812 in
728 757 789 828 oris,

275 841 371 897 Amice
387 838 477 908 Valgi,
495 840 552 891 stat
568 835 668 904 glacies
684 834 758 888 iners

273 917 383 972 Menses
399 931 449 984 per
466 928 558 967 omnes
575 914 624 965 aut
642 908 824 979 Aquilonibus

308 991 443 1056 Querceta
461 985 580 1056 Gargani
596 985 721 1040 laborant

343 1067 380 1120 Et
397 1065 468 1119 loliis
484 1063 633 1118 viduantur
649 1060 723 1114 orni:

275 1143 316 1197 Τιι
333 1157 440 1210 semper
457 1155 539 1206 urges
555 1135 691 1191 flebilibus
708 1133 795 1188 modis

275 1217 384 1286 Mysten
401 1215 635 1282 ademptum,.neo
651 1210 704 1266 tibi
721 1210 844 1278 Vespero
962 1221 987 1262 rs

310 1293 445 1359 Surgente
462 1288 599 1343 decedunt
615 1302 721 1341 amores

344 1367 370 1420 N
372 1383 403 1420 ec
419 1364 545 1434 rapidum
562 1363 683 1431 fugiente
701 1361 797 1416 Solem.

278 1443 318 1496 At
334 1457 388 1495 non
405 1445 450 1496 ter
466 1456 533 1494 aevo
549 1439 658 1492 iunctm
675 1435 817 1490 amabilem

278 1517 398 1646 Plaravit
414 1531 507 1602 omnes
525 1512 701 1641 Augilochum
718 1525 801 1638 setrerex,
839 1591 841 1596 Ι

339 1607 414 1659 unos,
430 1606 481 1645 nec
497 1605 572 1657 impu
592 1603 635 1642 em
652 1601 735 1655 paren
765 1601 779 1636 s
963 1595 987 1636 ro
1086 1616 1092 1625 ·

345 1665 455 1734 Troilon
471 1667 520 1718 aut
537 1661 670 1730 Phrygiae
688 1673 793 1714 sorores

278 1741 392 1796 Flevere
408 1743 522 1808 semper.
557 1736 658 1790 Desine
674 1733 796 1788 mollium

278 1815 399 1869 Tandem
416 1813 597 1882 querelarum,
614 1813 644 1862 et
659 1807 750 1876 potius
767 1823 837 1862 nova

313 1889 460 1943 Cantemus
477 1882 597 1951 Augusti
614 1887 727 1950 tropaea

347 1961 470 2016 Caesaris
487 1962 517 2014 et
532 1956 652 2026 rigidum
670 1956 818 2027 Niphaten,
963 1971 988 2009 no

279 2037 446 2106 Medumque
462 2034 562 2089 tlumen
578 2031 848 2102 gentibusadditurn

279 2111 368 2168 Victis
384 2111 502 2164 minores
518 2108 633 2168 volvere¹
642 2108 765 2174 vertices,

314 2188 446 2255 Intraque
462 2183 658 2254 praescriptum
676 2183 794 2238 Gelonos

348 2259 461 2328 Exiguus
477 2257 601 2326 equitare
617 2253 725 2326 campis

548 2399 583 2455 X.

281 2489 400 2543 Racmus
416 2486 498 2552 vives,
517 2481 611 2550 Licini,
627 2495 716 2549 neque
733 2477 819 2532 altum

281 2553 395 2631 Semper
411 2557 534 2628 urgendo
551 2572 647 2625 neque,
665 2555 732 2608 dum
748 2551 878 2622 procellas

281 2639 386 2692 Cautus
402 2633 543 2700 horrescis,
559 2631 672 2684 nimium
689 2627 837 2697 premendo

316 2711 394 2764 Litus
410 2709 541 2776 iniquum.

282 2788 404 2840 Auream
422 2781 544 2850 quisquis
561 2777 775 2832 mediocritatem
980 2787 994 2830 s

282 2859 381 2926 Diligit
397 2860 475 2910 tutus
492 2857 567 2908 caret
584 2852 699 2905 obsoleti

283 2931 415 2988 Sordibus
431 2929 506 2997 tecti,
522 2930 598 2982 caret
614 2924 768 2979 invidenda·

318 3006 431 3060 Sobrius
448 3003 516 3057 aula.

286 3079 399 3148 Saepius
416 3079 505 3132 uentis
522 3075 643 3143 agitatur
658 3071 754 3138 ingens

287 3152 371 3207 Pinus
388 3155 417 3206 et
435 3151 523 3204 celsae
540 3146 663 3215 graviore
680 3157 744 3196 casu
971 3153 996 3197 ιο
