<?xml version="1.0" encoding="UTF-8"?>
<!DOCTYPE html PUBLIC "-//W3C//DTD XHTML 1.0 Transitional//EN"
    "http://www.w3.org/TR/xhtml1/DTD/xhtml1-transitional.dtd">
<html xmlns="http://www.w3.org/1999/xhtml" xml:lang="en" lang="en">
 <head>
  <title>
</title>
<meta http-equiv="Content-Type" content="text/html;charset=utf-8" />
  <meta name='ocr-system' content='tesseract 3.04.00' />
  <meta name='ocr-capabilities' content='ocr_page ocr_carea ocr_par ocr_line ocrx_word'/>
</head>
<body>
  <div class='ocr_page' id='page_1' title='image "./operaomniaexrec00horagoog_0114.png"; bbox 0 0 2288 3444; ppageno 0'>
   <div class='ocr_carea' id='block_1_1' title="bbox 389 139 980 204">
    <p class='ocr_par' dir='ltr' id='par_1_1' title="bbox 389 139 980 204">
     <span class='ocr_line' id='line_1_1' title="bbox 389 139 980 204; baseline 0.007 -14"><span class='ocrx_word' id='word_1_1' title='bbox 389 139 533 191; x_wconf 80' lang='lat' dir='ltr'><strong>nronou</strong></span> <span class='ocrx_word' id='word_1_2' title='bbox 550 143 667 204; x_wconf 83' lang='lat' dir='ltr'><strong>menn,</strong></span> <span class='ocrx_word' id='word_1_3' title='bbox 690 144 726 195; x_wconf 83' lang='lat' dir='ltr'><strong>rr.</strong></span> <span class='ocrx_word' id='word_1_4' title='bbox 821 196 824 204; x_wconf 78' lang='grc'><em>,</em></span> <span class='ocrx_word' id='word_1_5' title='bbox 938 146 980 194; x_wconf 84' lang='lat' dir='ltr'><strong>mr</strong></span> 
     </span>
    </p>
   </div>
   <div class='ocr_carea' id='block_1_2' title="bbox 201 221 1061 2018">
    <p class='ocr_par' dir='ltr' id='par_1_2' title="bbox 203 221 946 367">
     <span class='ocr_line' id='line_1_2' title="bbox 203 221 946 300; baseline 0.003 -22"><span class='ocrx_word' id='word_1_6' title='bbox 203 223 308 278; x_wconf 77' lang='lat' dir='ltr'><strong>Reddit</strong></span> <span class='ocrx_word' id='word_1_7' title='bbox 325 221 373 276; x_wconf 92' lang='lat' dir='ltr'><strong>ubi</strong></span> <span class='ocrx_word' id='word_1_8' title='bbox 391 221 520 276; x_wconf 81' lang='lat' dir='ltr'>Cererem</span> <span class='ocrx_word' id='word_1_9' title='bbox 537 223 619 277; x_wconf 85' lang='lat' dir='ltr'><strong>tellus</strong></span> <span class='ocrx_word' id='word_1_10' title='bbox 636 223 743 279; x_wconf 83' lang='lat' dir='ltr'><strong>inarata</strong></span> <span class='ocrx_word' id='word_1_11' title='bbox 761 225 906 294; x_wconf 74' lang='lat' dir='ltr'><strong>quotannis</strong></span> <span class='ocrx_word' id='word_1_12' title='bbox 937 285 946 300; x_wconf 50' lang='grc'>,</span> 
     </span>
     <span class='ocr_line' id='line_1_3' title="bbox 239 296 738 367; baseline 0.002 -16"><span class='ocrx_word' id='word_1_13' title='bbox 239 298 276 351; x_wconf 85' lang='lat' dir='ltr'><strong>Et</strong></span> <span class='ocrx_word' id='word_1_14' title='bbox 293 298 428 365; x_wconf 83' lang='lat' dir='ltr'><strong>imputata</strong></span> <span class='ocrx_word' id='word_1_15' title='bbox 446 296 527 350; x_wconf 89' lang='lat' dir='ltr'><strong>iloret</strong></span> <span class='ocrx_word' id='word_1_16' title='bbox 544 313 632 366; x_wconf 90' lang='lat' dir='ltr'><strong>usque</strong></span> <span class='ocrx_word' id='word_1_17' title='bbox 650 299 738 367; x_wconf 84' lang='lat' dir='ltr'><strong>vinea,</strong></span> 
     </span>
    </p>

    <p class='ocr_par' dir='ltr' id='par_1_3' title="bbox 201 372 983 516">
     <span class='ocr_line' id='line_1_4' title="bbox 201 372 983 442; baseline -0.001 -15"><span class='ocrx_word' id='word_1_18' title='bbox 201 372 345 427; x_wconf 85' lang='lat' dir='ltr'><strong>Germinat</strong></span> <span class='ocrx_word' id='word_1_19' title='bbox 363 376 393 426; x_wconf 87' lang='lat' dir='ltr'><strong>et</strong></span> <span class='ocrx_word' id='word_1_20' title='bbox 410 387 548 440; x_wconf 84' lang='lat' dir='ltr'><strong>nunquam</strong></span> <span class='ocrx_word' id='word_1_21' title='bbox 564 373 683 426; x_wconf 84' lang='lat' dir='ltr'><strong>fallentis</strong></span> <span class='ocrx_word' id='word_1_22' title='bbox 700 378 801 427; x_wconf 84' lang='lat' dir='ltr'><strong>termes</strong></span> <span class='ocrx_word' id='word_1_23' title='bbox 819 373 911 442; x_wconf 79' lang='lat' dir='ltr'><strong>olivae,</strong></span> <span class='ocrx_word' id='word_1_24' title='bbox 960 390 983 429; x_wconf 69' lang='lat' dir='ltr'><strong>rr</strong></span> 
     </span>
     <span class='ocr_line' id='line_1_5' title="bbox 238 447 795 516; baseline 0.004 -16"><span class='ocrx_word' id='word_1_25' title='bbox 238 447 376 516; x_wconf 86' lang='lat' dir='ltr'><strong>Suamque</strong></span> <span class='ocrx_word' id='word_1_26' title='bbox 392 447 467 514; x_wconf 88' lang='lat' dir='ltr'><strong>pulla</strong></span> <span class='ocrx_word' id='word_1_27' title='bbox 484 447 551 501; x_wconf 90' lang='lat' dir='ltr'><strong>ficus</strong></span> <span class='ocrx_word' id='word_1_28' title='bbox 569 452 649 501; x_wconf 88' lang='lat' dir='ltr'><strong>ornat</strong></span> <span class='ocrx_word' id='word_1_29' title='bbox 662 448 795 516; x_wconf 77' lang='lat' dir='ltr'><strong>arborem,</strong></span> 
     </span>
    </p>

    <p class='ocr_par' dir='ltr' id='par_1_4' title="bbox 203 521 874 668">
     <span class='ocr_line' id='line_1_6' title="bbox 203 521 874 591; baseline 0.003 -15"><span class='ocrx_word' id='word_1_30' title='bbox 203 521 288 576; x_wconf 87' lang='lat' dir='ltr'><strong>Mella</strong></span> <span class='ocrx_word' id='word_1_31' title='bbox 305 539 371 576; x_wconf 85' lang='lat' dir='ltr'><strong>cava</strong></span> <span class='ocrx_word' id='word_1_32' title='bbox 388 526 500 576; x_wconf 85' lang='lat' dir='ltr'><strong>manent</strong></span> <span class='ocrx_word' id='word_1_33' title='bbox 517 539 552 578; x_wconf 85' lang='lat' dir='ltr'><strong>ex</strong></span> <span class='ocrx_word' id='word_1_34' title='bbox 568 522 638 591; x_wconf 88' lang='lat' dir='ltr'><strong>ilice,</strong></span> <span class='ocrx_word' id='word_1_35' title='bbox 656 523 794 578; x_wconf 85' lang='lat' dir='ltr'><strong>montibus</strong></span> <span class='ocrx_word' id='word_1_36' title='bbox 812 521 874 578; x_wconf 81' lang='lat' dir='ltr'><strong>altis</strong></span> 
     </span>
     <span class='ocr_line' id='line_1_7' title="bbox 238 597 798 668; baseline 0.004 -18"><span class='ocrx_word' id='word_1_37' title='bbox 238 597 318 650; x_wconf 82' lang='lat' dir='ltr'><strong>Levis</strong></span> <span class='ocrx_word' id='word_1_38' title='bbox 335 599 464 665; x_wconf 80' lang='lat' dir='ltr'><strong>crepante</strong></span> <span class='ocrx_word' id='word_1_39' title='bbox 481 597 591 666; x_wconf 78' lang='lat' dir='ltr'>lympha</span> <span class='ocrx_word' id='word_1_40' title='bbox 609 597 703 652; x_wconf 87' lang='lat' dir='ltr'><strong>desilit</strong></span> <span class='ocrx_word' id='word_1_41' title='bbox 719 597 798 668; x_wconf 92' lang='lat' dir='ltr'><strong>pede.</strong></span> 
     </span>
    </p>

    <p class='ocr_par' dir='ltr' id='par_1_5' title="bbox 204 667 974 816">
     <span class='ocr_line' id='line_1_8' title="bbox 204 667 860 742; baseline 0.002 -16"><span class='ocrx_word' id='word_1_42' title='bbox 204 669 265 726; x_wconf 90' lang='lat' dir='ltr'><strong>Illic</strong></span> <span class='ocrx_word' id='word_1_43' title='bbox 281 672 401 740; x_wconf 86' lang='lat' dir='ltr'><strong>injussae</strong></span> <span class='ocrx_word' id='word_1_44' title='bbox 418 672 532 726; x_wconf 81' lang='lat' dir='ltr'><strong>veniunt</strong></span> <span class='ocrx_word' id='word_1_45' title='bbox 549 673 586 726; x_wconf 85' lang='lat' dir='ltr'><strong>ad</strong></span> <span class='ocrx_word' id='word_1_46' title='bbox 603 673 719 727; x_wconf 84' lang='lat' dir='ltr'><strong>mulctra</strong></span> <span class='ocrx_word' id='word_1_47' title='bbox 736 667 860 742; x_wconf 72' lang='lat' dir='ltr'><strong>capellae</strong></span> 
     </span>
     <span class='ocr_line' id='line_1_9' title="bbox 239 746 974 816; baseline 0.003 -16"><span class='ocrx_word' id='word_1_48' title='bbox 239 746 390 816; x_wconf 84' lang='lat' dir='ltr'><strong>Refertque</strong></span> <span class='ocrx_word' id='word_1_49' title='bbox 406 751 485 802; x_wconf 83' lang='lat' dir='ltr'><strong>tonte</strong></span> <span class='ocrx_word' id='word_1_50' title='bbox 502 763 570 815; x_wconf 87' lang='lat' dir='ltr'><strong>grex</strong></span> <span class='ocrx_word' id='word_1_51' title='bbox 587 748 689 801; x_wconf 85' lang='lat' dir='ltr'><strong>amicus</strong></span> <span class='ocrx_word' id='word_1_52' title='bbox 706 747 808 812; x_wconf 87' lang='lat' dir='ltr'><strong>ubera;</strong></span> <span class='ocrx_word' id='word_1_53' title='bbox 963 763 974 802; x_wconf 81' lang='lat' dir='ltr'><strong>r</strong></span> 
     </span>
    </p>

    <p class='ocr_par' dir='ltr' id='par_1_6' title="bbox 203 821 850 967">
     <span class='ocr_line' id='line_1_10' title="bbox 203 821 850 891; baseline 0.002 -15"><span class='ocrx_word' id='word_1_54' title='bbox 203 821 231 876; x_wconf 85' lang='lat' dir='ltr'>N</span> <span class='ocrx_word' id='word_1_55' title='bbox 233 839 264 876; x_wconf 89' lang='lat' dir='ltr'><strong>ec</strong></span> <span class='ocrx_word' id='word_1_56' title='bbox 282 823 454 891; x_wconf 82' lang='lat' dir='ltr'><strong>vespertinus</strong></span> <span class='ocrx_word' id='word_1_57' title='bbox 472 822 659 890; x_wconf 77' lang='lat' dir='ltr'><strong>circumgemit</strong></span> <span class='ocrx_word' id='word_1_58' title='bbox 675 839 755 876; x_wconf 88' lang='lat' dir='ltr'><strong>ursus</strong></span> <span class='ocrx_word' id='word_1_59' title='bbox 772 824 850 891; x_wconf 85' lang='lat' dir='ltr'><strong>ovile,</strong></span> 
     </span>
     <span class='ocr_line' id='line_1_11' title="bbox 238 897 822 967; baseline 0 -17"><span class='ocrx_word' id='word_1_60' title='bbox 238 897 336 967; x_wconf 89' lang='lat' dir='ltr'><strong>Neque</strong></span> <span class='ocrx_word' id='word_1_61' title='bbox 352 898 511 952; x_wconf 82' lang='lat' dir='ltr'><strong>intumescit</strong></span> <span class='ocrx_word' id='word_1_62' title='bbox 528 898 584 950; x_wconf 88' lang='lat' dir='ltr'><strong>alta</strong></span> <span class='ocrx_word' id='word_1_63' title='bbox 600 897 700 966; x_wconf 85' lang='lat' dir='ltr'><strong>viperis</strong></span> <span class='ocrx_word' id='word_1_64' title='bbox 717 899 822 952; x_wconf 88' lang='lat' dir='ltr'><strong>humus.</strong></span> 
     </span>
    </p>

    <p class='ocr_par' dir='ltr' id='par_1_7' title="bbox 204 971 903 1116">
     <span class='ocr_line' id='line_1_12' title="bbox 204 971 903 1042; baseline -0.001 -15"><span class='ocrx_word' id='word_1_65' title='bbox 204 973 341 1042; x_wconf 80' lang='lat' dir='ltr'><strong>Pluraque</strong></span> <span class='ocrx_word' id='word_1_66' title='bbox 356 973 449 1027; x_wconf 87' lang='lat' dir='ltr'><strong>felices</strong></span> <span class='ocrx_word' id='word_1_67' title='bbox 467 973 642 1027; x_wconf 82' lang='lat' dir='ltr'><strong>mirabimur:</strong></span> <span class='ocrx_word' id='word_1_68' title='bbox 666 976 698 1026; x_wconf 92' lang='lat' dir='ltr'><strong>ut</strong></span> <span class='ocrx_word' id='word_1_69' title='bbox 715 989 804 1041; x_wconf 91' lang='lat' dir='ltr'><strong>neque</strong></span> <span class='ocrx_word' id='word_1_70' title='bbox 821 971 903 1040; x_wconf 86' lang='lat' dir='ltr'><strong>largis</strong></span> 
     </span>
     <span class='ocr_line' id='line_1_13' title="bbox 239 1045 813 1116; baseline 0 -16"><span class='ocrx_word' id='word_1_71' title='bbox 239 1048 367 1116; x_wconf 84' lang='lat' dir='ltr'><strong>Aquosus</strong></span> <span class='ocrx_word' id='word_1_72' title='bbox 385 1048 475 1102; x_wconf 81' lang='lat' dir='ltr'><strong>Eurus</strong></span> <span class='ocrx_word' id='word_1_73' title='bbox 493 1063 558 1101; x_wconf 87' lang='lat' dir='ltr'><strong>arra</strong></span> <span class='ocrx_word' id='word_1_74' title='bbox 575 1045 656 1100; x_wconf 86' lang='lat' dir='ltr'><strong>rodat</strong></span> <span class='ocrx_word' id='word_1_75' title='bbox 673 1047 813 1114; x_wconf 87' lang='lat' dir='ltr'><strong>imbribus,</strong></span> 
     </span>
    </p>

    <p class='ocr_par' dir='ltr' id='par_1_8' title="bbox 204 1121 985 1268">
     <span class='ocr_line' id='line_1_14' title="bbox 204 1121 985 1190; baseline 0.003 -16"><span class='ocrx_word' id='word_1_76' title='bbox 204 1121 319 1189; x_wconf 83' lang='lat' dir='ltr'><strong>Pinguia</strong></span> <span class='ocrx_word' id='word_1_77' title='bbox 335 1138 386 1176; x_wconf 91' lang='lat' dir='ltr'><strong>nee</strong></span> <span class='ocrx_word' id='word_1_78' title='bbox 403 1121 480 1176; x_wconf 88' lang='lat' dir='ltr'><strong>siccis</strong></span> <span class='ocrx_word' id='word_1_79' title='bbox 498 1125 612 1176; x_wconf 84' lang='lat' dir='ltr'><strong>urantur</strong></span> <span class='ocrx_word' id='word_1_80' title='bbox 629 1122 732 1176; x_wconf 88' lang='lat' dir='ltr'><strong>semina</strong></span> <span class='ocrx_word' id='word_1_81' title='bbox 749 1123 844 1190; x_wconf 84' lang='lat' dir='ltr'><strong>glebis,</strong></span> <span class='ocrx_word' id='word_1_82' title='bbox 961 1135 985 1176; x_wconf 70' lang='lat' dir='ltr'><strong>rt</strong></span> 
     </span>
     <span class='ocr_line' id='line_1_15' title="bbox 237 1197 818 1268; baseline 0.005 -19"><span class='ocrx_word' id='word_1_83' title='bbox 237 1197 394 1266; x_wconf 89' lang='lat' dir='ltr'><strong>Utrumque</strong></span> <span class='ocrx_word' id='word_1_84' title='bbox 411 1213 477 1266; x_wconf 88' lang='lat' dir='ltr'><strong>rege</strong></span> <span class='ocrx_word' id='word_1_85' title='bbox 495 1201 666 1268; x_wconf 79' lang='lat' dir='ltr'><strong>temperante</strong></span> <span class='ocrx_word' id='word_1_86' title='bbox 683 1198 818 1252; x_wconf 85' lang='lat' dir='ltr'><strong>caelitum.</strong></span> 
     </span>
    </p>

    <p class='ocr_par' dir='ltr' id='par_1_9' title="bbox 202 1271 856 1418">
     <span class='ocr_line' id='line_1_16' title="bbox 202 1271 829 1341; baseline 0.003 -17"><span class='ocrx_word' id='word_1_87' title='bbox 202 1271 231 1324; x_wconf 87' lang='lat' dir='ltr'>N</span> <span class='ocrx_word' id='word_1_88' title='bbox 231 1287 265 1325; x_wconf 90' lang='lat' dir='ltr'><strong>on</strong></span> <span class='ocrx_word' id='word_1_89' title='bbox 282 1271 336 1326; x_wconf 90' lang='lat' dir='ltr'><strong>hue</strong></span> <span class='ocrx_word' id='word_1_90' title='bbox 353 1271 446 1340; x_wconf 87' lang='lat' dir='ltr'><strong>Argeo</strong></span> <span class='ocrx_word' id='word_1_91' title='bbox 464 1271 604 1326; x_wconf 87' lang='lat' dir='ltr'><strong>contendit</strong></span> <span class='ocrx_word' id='word_1_92' title='bbox 620 1273 725 1340; x_wconf 86' lang='lat' dir='ltr'><strong>remige</strong></span> <span class='ocrx_word' id='word_1_93' title='bbox 742 1273 829 1341; x_wconf 90' lang='lat' dir='ltr'><strong>pinus,</strong></span> 
     </span>
     <span class='ocr_line' id='line_1_17' title="bbox 237 1346 856 1418; baseline 0.005 -20"><span class='ocrx_word' id='word_1_94' title='bbox 237 1346 336 1416; x_wconf 82' lang='lat' dir='ltr'><strong>Neque</strong></span> <span class='ocrx_word' id='word_1_95' title='bbox 353 1347 490 1415; x_wconf 87' lang='lat' dir='ltr'><strong>impudice</strong></span> <span class='ocrx_word' id='word_1_96' title='bbox 509 1347 615 1401; x_wconf 81' lang='lat' dir='ltr'><strong>Colchis</strong></span> <span class='ocrx_word' id='word_1_97' title='bbox 632 1347 725 1402; x_wconf 86' lang='lat' dir='ltr'><strong>intulit</strong></span> <span class='ocrx_word' id='word_1_98' title='bbox 741 1347 856 1418; x_wconf 82' lang='lat' dir='ltr'><strong>pedem3</strong></span> 
     </span>
    </p>

    <p class='ocr_par' dir='ltr' id='par_1_10' title="bbox 203 1420 984 1552">
     <span class='ocr_line' id='line_1_18' title="bbox 203 1420 849 1477; baseline 0.002 -2"><span class='ocrx_word' id='word_1_99' title='bbox 203 1420 267 1475; x_wconf 85' lang='lat' dir='ltr'><strong>Non</strong></span> <span class='ocrx_word' id='word_1_100' title='bbox 283 1422 337 1476; x_wconf 89' lang='lat' dir='ltr'><strong>huc</strong></span> <span class='ocrx_word' id='word_1_101' title='bbox 355 1421 459 1476; x_wconf 80' lang='lat' dir='ltr'><strong>Sidonii</strong></span> <span class='ocrx_word' id='word_1_102' title='bbox 476 1426 616 1476; x_wconf 84' lang='lat' dir='ltr'><strong>torseumt</strong></span> <span class='ocrx_word' id='word_1_103' title='bbox 633 1439 733 1477; x_wconf 85' lang='lat' dir='ltr'><strong>cornua</strong></span> <span class='ocrx_word' id='word_1_104' title='bbox 749 1425 849 1476; x_wconf 86' lang='lat' dir='ltr'><strong>nautae</strong></span> 
     </span>
     <span class='ocr_line' id='line_1_19' title="bbox 239 1495 984 1552; baseline 0.003 -3"><span class='ocrx_word' id='word_1_105' title='bbox 239 1495 386 1552; x_wconf 75' lang='lat' dir='ltr'><strong>Laberiana</strong></span> <span class='ocrx_word' id='word_1_106' title='bbox 401 1513 452 1552; x_wconf 85' lang='lat' dir='ltr'><strong>nee</strong></span> <span class='ocrx_word' id='word_1_107' title='bbox 469 1496 564 1551; x_wconf 88' lang='lat' dir='ltr'><strong>cohors</strong></span> <span class='ocrx_word' id='word_1_108' title='bbox 581 1497 681 1551; x_wconf 83' lang='lat' dir='ltr'><strong>Ulixei.</strong></span> <span class='ocrx_word' id='word_1_109' title='bbox 960 1513 984 1551; x_wconf 83' lang='lat' dir='ltr'><strong>ee</strong></span> 
     </span>
    </p>

    <p class='ocr_par' dir='ltr' id='par_1_11' title="bbox 202 1567 861 1716">
     <span class='ocr_line' id='line_1_20' title="bbox 202 1567 861 1643; baseline 0.003 -19"><span class='ocrx_word' id='word_1_110' title='bbox 202 1569 286 1625; x_wconf 84' lang='lat' dir='ltr'><strong>Nulla</strong></span> <span class='ocrx_word' id='word_1_111' title='bbox 302 1573 511 1642; x_wconf 62' lang='lat' dir='ltr'><strong>nocentrpecori</strong></span> <span class='ocrx_word' id='word_1_112' title='bbox 528 1567 659 1643; x_wconf 77' lang='lat' dir='ltr'><strong>contagia,</strong></span> <span class='ocrx_word' id='word_1_113' title='bbox 677 1571 777 1626; x_wconf 87' lang='lat' dir='ltr'><strong>nullius</strong></span> <span class='ocrx_word' id='word_1_114' title='bbox 794 1571 861 1626; x_wconf 81' lang='lat' dir='ltr'><strong>astri</strong></span> 
     </span>
     <span class='ocr_line' id='line_1_21' title="bbox 238 1647 786 1716; baseline 0 -16"><span class='ocrx_word' id='word_1_115' title='bbox 238 1647 355 1715; x_wconf 85' lang='lat' dir='ltr'><strong>Gregem</strong></span> <span class='ocrx_word' id='word_1_116' title='bbox 372 1653 498 1702; x_wconf 84' lang='lat' dir='ltr'><strong>aestuosa</strong></span> <span class='ocrx_word' id='word_1_117' title='bbox 514 1651 602 1702; x_wconf 82' lang='lat' dir='ltr'><strong>terret</strong></span> <span class='ocrx_word' id='word_1_118' title='bbox 619 1647 786 1716; x_wconf 81' lang='lat' dir='ltr'><strong>impotentia</strong></span> 
     </span>
    </p>

    <p class='ocr_par' dir='ltr' id='par_1_12' title="bbox 203 1719 1061 1867">
     <span class='ocr_line' id='line_1_22' title="bbox 203 1719 821 1791; baseline 0.003 -17"><span class='ocrx_word' id='word_1_119' title='bbox 203 1719 334 1789; x_wconf 83' lang='lat' dir='ltr'><strong>Juppiter</strong></span> <span class='ocrx_word' id='word_1_120' title='bbox 351 1722 397 1775; x_wconf 87' lang='lat' dir='ltr'><strong>illa</strong></span> <span class='ocrx_word' id='word_1_121' title='bbox 413 1723 475 1791; x_wconf 84' lang='lat' dir='ltr'><strong>piae</strong></span> <span class='ocrx_word' id='word_1_122' title='bbox 493 1723 609 1777; x_wconf 67' lang='lat' dir='ltr'><strong>secreuit</strong></span> <span class='ocrx_word' id='word_1_123' title='bbox 626 1721 720 1776; x_wconf 88' lang='lat' dir='ltr'><strong>littora</strong></span> <span class='ocrx_word' id='word_1_124' title='bbox 736 1722 821 1790; x_wconf 86' lang='lat' dir='ltr'><strong>genti,</strong></span> 
     </span>
     <span class='ocr_line' id='line_1_23' title="bbox 237 1796 1061 1867; baseline 0 -17"><span class='ocrx_word' id='word_1_125' title='bbox 237 1796 279 1850; x_wconf 92' lang='lat' dir='ltr'><strong>Ut</strong></span> <span class='ocrx_word' id='word_1_126' title='bbox 294 1797 446 1865; x_wconf 80' lang='lat' dir='ltr'><strong>inquinavit</strong></span> <span class='ocrx_word' id='word_1_127' title='bbox 462 1813 526 1852; x_wconf 86' lang='lat' dir='ltr'><strong>aere</strong></span> <span class='ocrx_word' id='word_1_128' title='bbox 543 1801 652 1867; x_wconf 88' lang='lat' dir='ltr'><strong>tempus</strong></span> <span class='ocrx_word' id='word_1_129' title='bbox 669 1815 799 1864; x_wconf 86' lang='lat' dir='ltr'><strong>aureum;</strong></span> <span class='ocrx_word' id='word_1_130' title='bbox 1056 1853 1061 1866; x_wconf 67' lang='lat'>‚</span> 
     </span>
    </p>

    <p class='ocr_par' dir='ltr' id='par_1_13' title="bbox 204 1869 984 2018">
     <span class='ocr_line' id='line_1_24' title="bbox 204 1869 984 1944; baseline 0.003 -20"><span class='ocrx_word' id='word_1_131' title='bbox 204 1869 287 1938; x_wconf 81' lang='lat' dir='ltr'><strong>Aere,</strong></span> <span class='ocrx_word' id='word_1_132' title='bbox 305 1870 403 1925; x_wconf 90' lang='lat' dir='ltr'><strong>dehinc</strong></span> <span class='ocrx_word' id='word_1_133' title='bbox 419 1873 492 1926; x_wconf 83' lang='lat' dir='ltr'><strong>ferro</strong></span> <span class='ocrx_word' id='word_1_134' title='bbox 510 1873 620 1927; x_wconf 80' lang='lat' dir='ltr'><strong>dumrit</strong></span> <span class='ocrx_word' id='word_1_135' title='bbox 637 1874 738 1939; x_wconf 85' lang='lat' dir='ltr'><strong>secula;</strong></span> <span class='ocrx_word' id='word_1_136' title='bbox 756 1887 871 1944; x_wconf 85' lang='lat' dir='ltr'><strong>quorum</strong></span> <span class='ocrx_word' id='word_1_137' title='bbox 960 1885 984 1926; x_wconf 77' lang='lat' dir='ltr'><strong>tr</strong></span> 
     </span>
     <span class='ocr_line' id='line_1_25' title="bbox 239 1945 763 2018; baseline 0.008 -18"><span class='ocrx_word' id='word_1_138' title='bbox 239 1945 296 2000; x_wconf 91' lang='lat' dir='ltr'><strong>Piis</strong></span> <span class='ocrx_word' id='word_1_139' title='bbox 313 1947 433 2002; x_wconf 81' lang='lat' dir='ltr'><strong>secunde</strong></span> <span class='ocrx_word' id='word_1_140' title='bbox 448 1951 512 2002; x_wconf 81' lang='lat' dir='ltr'><strong>rate</strong></span> <span class='ocrx_word' id='word_1_141' title='bbox 529 1965 575 2004; x_wconf 89' lang='lat' dir='ltr'><strong>mc</strong></span> <span class='ocrx_word' id='word_1_142' title='bbox 591 1948 675 2004; x_wconf 76' lang='lat' dir='ltr'><strong>uetur</strong></span> <span class='ocrx_word' id='word_1_143' title='bbox 691 1949 763 2018; x_wconf 78' lang='lat' dir='ltr'><strong>luga</strong></span> 
     </span>
    </p>
   </div>
   <div class='ocr_carea' id='block_1_3' title="bbox 510 2091 607 2148">
    <p class='ocr_par' dir='ltr' id='par_1_14' title="bbox 510 2091 607 2148">
     <span class='ocr_line' id='line_1_26' title="bbox 510 2091 607 2148; baseline 0.01 -1"><span class='ocrx_word' id='word_1_144' title='bbox 510 2091 607 2148; x_wconf 87' lang='lat' dir='ltr'><strong>XVII.</strong></span> 
     </span>
    </p>
   </div>
   <div class='ocr_carea' id='block_1_4' title="bbox 203 2171 987 3212">
    <p class='ocr_par' dir='ltr' id='par_1_15' title="bbox 203 2171 776 2243">
     <span class='ocr_line' id='line_1_27' title="bbox 203 2171 776 2243; baseline 0.003 -17"><span class='ocrx_word' id='word_1_145' title='bbox 203 2172 266 2228; x_wconf 78' lang='lat' dir='ltr'><strong>Jnu</strong></span> <span class='ocrx_word' id='word_1_146' title='bbox 279 2171 339 2240; x_wconf 86' lang='lat' dir='ltr'><strong>jam</strong></span> <span class='ocrx_word' id='word_1_147' title='bbox 356 2171 458 2229; x_wconf 88' lang='lat' dir='ltr'><strong>efficaci</strong></span> <span class='ocrx_word' id='word_1_148' title='bbox 475 2174 511 2230; x_wconf 92' lang='lat' dir='ltr'><strong>do</strong></span> <span class='ocrx_word' id='word_1_149' title='bbox 528 2183 623 2229; x_wconf 82' lang='lat' dir='ltr'><strong>manus</strong></span> <span class='ocrx_word' id='word_1_150' title='bbox 641 2173 776 2243; x_wconf 87' lang='lat' dir='ltr'><strong>scientiae,</strong></span> 
     </span>
    </p>

    <p class='ocr_par' dir='ltr' id='par_1_16' title="bbox 204 2248 810 2322">
     <span class='ocr_line' id='line_1_28' title="bbox 204 2248 810 2322; baseline 0 -20"><span class='ocrx_word' id='word_1_151' title='bbox 204 2248 325 2316; x_wconf 81' lang='lat' dir='ltr'><strong>Supplex</strong></span> <span class='ocrx_word' id='word_1_152' title='bbox 343 2252 374 2302; x_wconf 89' lang='lat' dir='ltr'><strong>et</strong></span> <span class='ocrx_word' id='word_1_153' title='bbox 389 2265 438 2303; x_wconf 88' lang='lat' dir='ltr'><strong>oro</strong></span> <span class='ocrx_word' id='word_1_154' title='bbox 455 2265 540 2318; x_wconf 84' lang='lat' dir='ltr'><strong>regna</strong></span> <span class='ocrx_word' id='word_1_155' title='bbox 552 2257 607 2322; x_wconf 86' lang='lat' dir='ltr'><strong>per</strong></span> <span class='ocrx_word' id='word_1_156' title='bbox 625 2249 810 2318; x_wconf 82' lang='lat' dir='ltr'><strong>Proserpinae,</strong></span> 
     </span>
    </p>

    <p class='ocr_par' dir='ltr' id='par_1_17' title="bbox 205 2323 782 2389">
     <span class='ocr_line' id='line_1_29' title="bbox 205 2323 782 2389; baseline -0.002 -13"><span class='ocrx_word' id='word_1_157' title='bbox 205 2323 260 2376; x_wconf 90' lang='lat' dir='ltr'><strong>Per</strong></span> <span class='ocrx_word' id='word_1_158' title='bbox 276 2335 306 2376; x_wconf 89' lang='lat' dir='ltr'><strong>et</strong></span> <span class='ocrx_word' id='word_1_159' title='bbox 323 2323 427 2378; x_wconf 78' lang='lat' dir='ltr'><strong>Dianae</strong></span> <span class='ocrx_word' id='word_1_160' title='bbox 443 2341 498 2378; x_wconf 93' lang='lat' dir='ltr'><strong>non</strong></span> <span class='ocrx_word' id='word_1_161' title='bbox 512 2323 648 2378; x_wconf 83' lang='lat' dir='ltr'><strong>movenda</strong></span> <span class='ocrx_word' id='word_1_162' title='bbox 665 2323 782 2389; x_wconf 84' lang='lat' dir='ltr'><strong>numina,</strong></span> 
     </span>
    </p>

    <p class='ocr_par' dir='ltr' id='par_1_18' title="bbox 205 2397 792 2468">
     <span class='ocr_line' id='line_1_30' title="bbox 205 2397 792 2468; baseline -0.003 -17"><span class='ocrx_word' id='word_1_163' title='bbox 205 2398 260 2452; x_wconf 89' lang='lat' dir='ltr'><strong>Per</strong></span> <span class='ocrx_word' id='word_1_164' title='bbox 276 2402 359 2468; x_wconf 82' lang='lat' dir='ltr'><strong>atque</strong></span> <span class='ocrx_word' id='word_1_165' title='bbox 376 2399 461 2454; x_wconf 91' lang='lat' dir='ltr'><strong>libros</strong></span> <span class='ocrx_word' id='word_1_166' title='bbox 478 2402 628 2454; x_wconf 84' lang='lat' dir='ltr'><strong>carminum</strong></span> <span class='ocrx_word' id='word_1_167' title='bbox 645 2397 792 2451; x_wconf 83' lang='lat' dir='ltr'><strong>valentium</strong></span> 
     </span>
    </p>

    <p class='ocr_par' dir='ltr' id='par_1_19' title="bbox 205 2472 987 2618">
     <span class='ocr_line' id='line_1_31' title="bbox 205 2472 987 2540; baseline -0.001 -14"><span class='ocrx_word' id='word_1_168' title='bbox 205 2472 303 2527; x_wconf 84' lang='lat' dir='ltr'><strong>Relina</strong></span> <span class='ocrx_word' id='word_1_169' title='bbox 319 2474 393 2528; x_wconf 79' lang='lat' dir='ltr'><strong>caelo</strong></span> <span class='ocrx_word' id='word_1_170' title='bbox 411 2475 543 2528; x_wconf 84' lang='lat' dir='ltr'><strong>devocare</strong></span> <span class='ocrx_word' id='word_1_171' title='bbox 561 2473 658 2540; x_wconf 85' lang='lat' dir='ltr'><strong>sidera,</strong></span> <span class='ocrx_word' id='word_1_172' title='bbox 975 2486 987 2525; x_wconf 83' lang='lat' dir='ltr'><strong>s</strong></span> 
     </span>
     <span class='ocr_line' id='line_1_32' title="bbox 205 2546 778 2618; baseline -0.005 -16"><span class='ocrx_word' id='word_1_173' title='bbox 205 2548 325 2616; x_wconf 75' lang='lat' dir='ltr'><strong>Cotidie,</strong></span> <span class='ocrx_word' id='word_1_174' title='bbox 341 2565 423 2618; x_wconf 85' lang='lat' dir='ltr'><strong>parce</strong></span> <span class='ocrx_word' id='word_1_175' title='bbox 440 2550 550 2602; x_wconf 80' lang='lat' dir='ltr'><strong>vocibus</strong></span> <span class='ocrx_word' id='word_1_176' title='bbox 566 2548 678 2602; x_wconf 87' lang='lat' dir='ltr'><strong>tandem</strong></span> <span class='ocrx_word' id='word_1_177' title='bbox 696 2546 778 2600; x_wconf 85' lang='lat' dir='ltr'><strong>sacris</strong></span> 
     </span>
    </p>

    <p class='ocr_par' dir='ltr' id='par_1_20' title="bbox 205 2621 796 2690">
     <span class='ocr_line' id='line_1_33' title="bbox 205 2621 796 2690; baseline 0.002 -16"><span class='ocrx_word' id='word_1_178' title='bbox 205 2621 352 2690; x_wconf 78' lang='lat' dir='ltr'><strong>(litemque</strong></span> <span class='ocrx_word' id='word_1_179' title='bbox 369 2627 443 2676; x_wconf 91' lang='lat' dir='ltr'><strong>retro</strong></span> <span class='ocrx_word' id='word_1_180' title='bbox 461 2625 542 2690; x_wconf 86' lang='lat' dir='ltr'><strong>solve,</strong></span> <span class='ocrx_word' id='word_1_181' title='bbox 561 2622 634 2676; x_wconf 86' lang='lat' dir='ltr'><strong>solve</strong></span> <span class='ocrx_word' id='word_1_182' title='bbox 651 2621 796 2676; x_wconf 84' lang='lat' dir='ltr'><strong>turbinem</strong></span> 
     </span>
    </p>

    <p class='ocr_par' dir='ltr' id='par_1_21' title="bbox 205 2696 754 2769">
     <span class='ocr_line' id='line_1_34' title="bbox 205 2696 754 2769; baseline 0.002 -20"><span class='ocrx_word' id='word_1_183' title='bbox 205 2696 294 2750; x_wconf 86' lang='lat' dir='ltr'><strong>Movit</strong></span> <span class='ocrx_word' id='word_1_184' title='bbox 310 2701 439 2766; x_wconf 89' lang='lat' dir='ltr'><strong>nepotem</strong></span> <span class='ocrx_word' id='word_1_185' title='bbox 458 2697 593 2769; x_wconf 88' lang='lat' dir='ltr'><strong>&#39;lelephus</strong></span> <span class='ocrx_word' id='word_1_186' title='bbox 612 2698 754 2765; x_wconf 77' lang='lat' dir='ltr'><strong>Nomium,</strong></span> 
     </span>
    </p>

    <p class='ocr_par' dir='ltr' id='par_1_22' title="bbox 205 2771 773 2841">
     <span class='ocr_line' id='line_1_35' title="bbox 205 2771 773 2841; baseline 0 -17"><span class='ocrx_word' id='word_1_187' title='bbox 205 2771 241 2824; x_wconf 89' lang='lat' dir='ltr'><strong>In</strong></span> <span class='ocrx_word' id='word_1_188' title='bbox 258 2787 340 2841; x_wconf 90' lang='lat' dir='ltr'><strong>quem</strong></span> <span class='ocrx_word' id='word_1_189' title='bbox 358 2772 491 2840; x_wconf 87' lang='lat' dir='ltr'><strong>superbus</strong></span> <span class='ocrx_word' id='word_1_190' title='bbox 508 2772 648 2826; x_wconf 84' lang='lat' dir='ltr'><strong>ordinarat</strong></span> <span class='ocrx_word' id='word_1_191' title='bbox 665 2771 773 2839; x_wconf 82' lang='lat' dir='ltr'><strong>agmina</strong></span> 
     </span>
    </p>

    <p class='ocr_par' dir='ltr' id='par_1_23' title="bbox 204 2845 985 2973">
     <span class='ocr_line' id='line_1_36' title="bbox 204 2845 985 2915; baseline -0.008 -15"><span class='ocrx_word' id='word_1_192' title='bbox 204 2845 345 2915; x_wconf 80' lang='lat' dir='ltr'><strong>Mysorum</strong></span> <span class='ocrx_word' id='word_1_193' title='bbox 362 2847 437 2900; x_wconf 90' lang='lat' dir='ltr'><strong>etin</strong></span> <span class='ocrx_word' id='word_1_194' title='bbox 455 2861 536 2914; x_wconf 89' lang='lat' dir='ltr'><strong>quem</strong></span> <span class='ocrx_word' id='word_1_195' title='bbox 553 2847 611 2900; x_wconf 84' lang='lat' dir='ltr'><strong>tela</strong></span> <span class='ocrx_word' id='word_1_196' title='bbox 628 2851 707 2898; x_wconf 85' lang='lat' dir='ltr'><strong>acuto</strong></span> <span class='ocrx_word' id='word_1_197' title='bbox 724 2845 848 2897; x_wconf 78' lang='lat' dir='ltr'><strong>torserat</strong></span> <span class='ocrx_word' id='word_1_198' title='bbox 963 2855 985 2894; x_wconf 87' lang='lat' dir='ltr'><strong>m</strong></span> 
     </span>
     <span class='ocr_line' id='line_1_37' title="bbox 205 2919 767 2973; baseline -0.005 0"><span class='ocrx_word' id='word_1_199' title='bbox 205 2919 318 2973; x_wconf 83' lang='lat' dir='ltr'><strong>Unxere</strong></span> <span class='ocrx_word' id='word_1_200' title='bbox 335 2924 438 2973; x_wconf 90' lang='lat' dir='ltr'><strong>matres</strong></span> <span class='ocrx_word' id='word_1_201' title='bbox 456 2920 525 2972; x_wconf 83' lang='lat' dir='ltr'><strong>Iliae</strong></span> <span class='ocrx_word' id='word_1_202' title='bbox 543 2919 684 2972; x_wconf 82' lang='lat' dir='ltr'><strong>addictum</strong></span> <span class='ocrx_word' id='word_1_203' title='bbox 702 2919 767 2970; x_wconf 81' lang='lat' dir='ltr'><strong>feris</strong></span> 
     </span>
    </p>

    <p class='ocr_par' dir='ltr' id='par_1_24' title="bbox 205 2989 915 3138">
     <span class='ocr_line' id='line_1_38' title="bbox 205 2989 915 3063; baseline -0.008 -15"><span class='ocrx_word' id='word_1_204' title='bbox 205 2994 328 3048; x_wconf 86' lang='lat' dir='ltr'><strong>Alitibus</strong></span> <span class='ocrx_word' id='word_1_205' title='bbox 345 2997 429 3063; x_wconf 86' lang='lat' dir='ltr'><strong>etque</strong></span> <span class='ocrx_word' id='word_1_206' title='bbox 447 2992 558 3046; x_wconf 87' lang='lat' dir='ltr'><strong>canibus</strong></span> <span class='ocrx_word' id='word_1_207' title='bbox 575 2989 736 3042; x_wconf 86' lang='lat' dir='ltr'><strong>homicidam</strong></span> <span class='ocrx_word' id='word_1_208' title='bbox 757 2990 915 3048; x_wconf 80' lang='lat' dir='ltr'><strong>Hectorem.</strong></span> 
     </span>
     <span class='ocr_line' id='line_1_39' title="bbox 206 3061 836 3138; baseline -0.014 -15"><span class='ocrx_word' id='word_1_209' title='bbox 206 3067 356 3138; x_wconf 71' lang='lat' dir='ltr'><strong>Postquam</strong></span> <span class='ocrx_word' id='word_1_210' title='bbox 374 3068 477 3120; x_wconf 90' lang='lat' dir='ltr'><strong>relictis</strong></span> <span class='ocrx_word' id='word_1_211' title='bbox 494 3063 635 3117; x_wconf 88' lang='lat' dir='ltr'><strong>moenibus</strong></span> <span class='ocrx_word' id='word_1_212' title='bbox 653 3077 702 3114; x_wconf 86' lang='lat' dir='ltr'><strong>rex</strong></span> <span class='ocrx_word' id='word_1_213' title='bbox 719 3061 836 3128; x_wconf 83' lang='lat' dir='ltr'><strong>procidit</strong></span> 
     </span>
    </p>

    <p class='ocr_par' dir='ltr' id='par_1_25' title="bbox 206 3135 736 3212">
     <span class='ocr_line' id='line_1_40' title="bbox 206 3135 736 3212; baseline -0.021 -14"><span class='ocrx_word' id='word_1_214' title='bbox 206 3143 272 3198; x_wconf 89' lang='lat' dir='ltr'><strong>Heu</strong></span> <span class='ocrx_word' id='word_1_215' title='bbox 288 3141 437 3212; x_wconf 83' lang='lat' dir='ltr'><strong>pervicacis</strong></span> <span class='ocrx_word' id='word_1_216' title='bbox 454 3137 490 3192; x_wconf 90' lang='lat' dir='ltr'><strong>ad</strong></span> <span class='ocrx_word' id='word_1_217' title='bbox 507 3135 592 3204; x_wconf 89' lang='lat' dir='ltr'><strong>pedes</strong></span> <span class='ocrx_word' id='word_1_218' title='bbox 610 3135 736 3190; x_wconf 84' lang='lat' dir='ltr'><strong>Achillei.</strong></span> 
     </span>
    </p>
   </div>
   <div class='ocr_carea' id='block_1_5' title="bbox 0 0 1151 3444">
    <p class='ocr_par' dir='ltr' id='par_1_26' title="bbox 0 0 1151 3444">
     <span class='ocr_line' id='line_1_41' title="bbox 0 0 1151 3444; baseline 0 0"><span class='ocrx_word' id='word_1_219' title='bbox 0 0 1151 3444; x_wconf 95' lang='lat' dir='ltr'><strong> </strong></span> 
     </span>
    </p>
   </div>
  </div>
 </body>
</html>
