2288 3444
366 499 368 504 .
439 442 713 512 SATIRARUM

334 673 495 734 LIBER
529 675 812 738 SECUNDUS

150 997 248 1054 “Sana
265 999 364 1068 quibus
380 999 410 1054 in
427 999 514 1054 satira
529 998 625 1056 videor
641 998 723 1052 nimis
740 1013 805 1053 acer
816 1000 850 1052 ‘ot
866 998 941 1054 ultra

150 1071 253 1142 Legem
269 1075 385 1147 tendere
402 1091 484 1145 opus;
502 1075 560 1129 sine
577 1074 668 1128 nervis
684 1075 771 1128 altera
788 1073 923 1145 quidquid

150 1149 294 1219 (lomposui
311 1167 375 1219 pars
392 1167 452 1205 esse
469 1154 556 1220 putat,
576 1150 869 1218 similesquemcomnn

149 1224 228 1278 Mille
244 1225 291 1280 die
307 1242 401 1280 versus
419 1223 518 1280 deduci
535 1243 637 1294 posse·
656 1225 774 1294 Trebati,

90 1323 93 1326 ·
150 1299 995 1374 Quidfaciampraescribe.”“Quiescas.’'“Nefariamdnquist

149 1373 267 1430 Omnino
284 1393 377 1430 versus
387 1377 411 1432 l'’
442 1377 538 1430 “Aio”
569 1377 707 1431 “Peream
724 1377 796 1431 male
813 1378 836 1430 si
853 1395 906 1431 non

149 1448 289 1518 Optimum
307 1456 383 1506 erat:
400 1446 777 1522 rerumnequeodormir'css'
809 1453 883 1506 “'ler
899 1453 976 1508 uncti

149 1524 316 1580 Trausnanto
334 1527 453 1581 Tiberim
471 1544 564 1581 somno
582 1527 681 1596 quibus
698 1531 741 1580 est
758 1543 826 1596 opus
842 1528 906 1596 alto,

148 1599 340 1672 Irriguiunque
357 1619 433 1656 mero
451 1602 502 1656 sub
518 1606 626 1656 noctem
643 1617 741 1670 corpus
757 1601 885 1656 habento.

147 1675 208 1729 Aut
225 1677 249 1730 si
266 1680 359 1731 tantus
376 1695 452 1732 amor
469 1677 606 1732 scribendi
623 1681 653 1732 te
670 1677 744 1746 rapit
760 1677 833 1732 aude
976 1699 997 1737 u

148 1751 271 1806 Caesaris
287 1752 381 1806 invicti
398 1769 444 1807 ros
461 1754 568 1820 diaeral
578 1753 665 1808 multa
681 1752 804 1806 laborum

147 1825 273 1882 Praemia
290 1827 415 1882 laturus.”
446 1828 612 1898 “Cupidum,
629 1831 709 1898 pater
726 1829 835 1896 optime,
852 1829 927 1884 vires

147 1899 302 1958 Deficiunt:
318 1919 409 1972 neque
426 1903 499 1964 onim
516 1903 605 1972 quivis
622 1903 761 1958 horrentia
777 1903 840 1972 pilis

147 1977 268 2044 Agmina
283 1979 438 2048 neolfracta
454 1983 601 2047 pereuntes
619 1979 731 2047 cuspide
748 1979 841 2032 Gallos

25 2089 32 2104 .
147 2052 206 2106 Aut
223 2053 339 2108 labentis
356 2070 426 2124 equo
444 2054 581 2108 describat
598 2055 711 2108 vulnera
729 2053 861 2114 ParthiP,
973 2069 997 2110 ιε

147 2127 349 2183 “Attamen'ct
363 2129 471 2197 justum
488 2134 600 2198 poteras
616 2133 646 2182 ct
663 2129 783 2183 scribere
800 2129 909 2199 fortem,

147 2202 300 2272 Scipiadam
317 2208 349 2258 ut
367 2205 474 2274 sapiens
493 2205 635 2259 Lucilius.’'
672 2204 779 2258 “Haud
796 2205 864 2258 mihi
881 2206 965 2260 deero

146 2277 216 2331 (lum
233 2295 278 2332 res
295 2281 355 2349 ipsa
371 2281 450 2336 feret.
472 2281 510 2344 ‚N
512 2281 545 2334 isi
564 2281 663 2334 dextro
680 2283 803 2348 tempore
821 2279 911 2334 Flacci

145 2352 241 2408 Verba
256 2371 306 2423 per
323 2359 456 2421 attentam
473 2356 625 2418 non-ibunt
643 2354 887 2419 ansmis'aurem,
912 2384 916 2390 ·
960 2367 963 2374 ⁴

145 2427 198 2481 (lui
215 2431 285 2484 male
302 2431 325 2484 si
342 2431 454 2500 palpare
471 2430 626 2484 recalcitrat
643 2429 766 2497 undique
781 2429 881 2483 tutus.''
970 2445 994 2483 ao

145 2503 276 2568 “Quanto
294 2507 395 2560 rectius
411 2506 463 2559 hoc
480 2522 562 2574 quam
579 2505 654 2559 tristi
671 2504 780 2558 laedere
797 2519 878 2558 versu

143 2577 337 2646 Pantolabum
354 2597 486 2634 scurram
502 2582 770 2646 Nomentanumque
785 2585 919 2648 nepotum,

145 2655 215 2708 cum
222 2655 279 2726 ‚sibi
291 2656 406 2724 quisque
414 2656 501 2722 timet,
510 2672 674 2725 quamquam
685 2659 728 2709 est
736 2655 862 2720 intactus,
870 2657 899 2708 et
907 2653 993 2708 oditl’

144 2729 243 2794 “Quid
259 2731 372 2786 faciami
408 2731 497 2785 Saltat
515 2731 653 2798 Milonius,
670 2733 704 2784 ut
721 2730 805 2784 semel
822 2729 878 2784 icto
904 2743 907 2748 ·

143 2805 270 2860 Accessit
286 2807 377 2860 fervor
393 2806 475 2878 oppiti
492 2822 677 2873 numerusque
695 2805 820 2858 lucernis.
872 2861 874 2866 ,
969 2821 993 2860 2⁵

143 2881 242 2934 Castor
258 2881 362 2948 gaudet
379 2881 471 2949 cquis·
481 2897 532 2934 ovo
549 2879 697 2948 prognatus
715 2879 812 2932 eodem

143 2956 247 3024 Pugnis
255 2953 264 3021 '3
281 2959 348 3024 quot
364 2956 483 3022 capitum
501 2955 602 3024 vivunt,
620 2953 735 3006 totidem
754 2952 906 3006 studiorum

141 3029 247 3086 Millia:
265 3047 310 3084 mc
326 3030 444 3098 pedibus
461 3028 580 3081 delectat
598 3027 724 3079 claudere
742 3025 826 3080 verba
864 3037 866 3041 '

141 3107 230 3160 Lucili
247 3107 304 3173 ritu
321 3109 444 3158 nostrum
461 3101 581 3154 melioris
597 3104 732 3168 utroque

141 3181 196 3236 llle
213 3181 290 3236 vclut'
306 3179 369 3234 fidis
386 3191 484 3232 armna
500 3174 638 3230 sodalibus
655 3174 719 3226 olim
