2288 3444
700 157 714 183 0

451 205 665 255 SATIRARUM
681 205 704 255 1.
721 207 746 256 2.
975 204 1020 254 107

177 285 316 353 labescat,
335 300 426 352 nequa
443 300 473 337 so
489 284 586 353 majori
602 284 792 353 pauperiorum

177 359 285 415 Turbae
302 362 447 427 comparet,
465 358 536 411 hunc
554 361 638 427 atque
655 359 727 411 hunc
745 372 873 425 superare
889 354 1003 408 laboret.

177 437 224 490 Sic
240 433 378 488 festinanti
397 449 505 501 sempor
521 433 679 501 locupletior
695 432 795 497 obstat,

176 511 226 578 Ut,
243 526 326 578 quum
344 505 497 561 <carceribus
513 508 610 561 missos
626 508 700 577 rapit
715 506 818 574 ungula
834 520 935 568 currus,

178 585 269 638 instat
287 584 365 651 equis
381 581 476 650 auriga
493 597 555 636 suos
571 583 748 650 vincentibus,
766 581 841 634 illum
986 594 1019 634 nr

178 657 363 713 Praeteritum
380 659 505 710 temnens
522 661 659 712 extremos
675 657 748 712 inter
764 660 881 709 euntem.

178 732 250 786 Inde
267 733 300 786 fit
315 735 347 786 ut
363 748 425 785 raro
441 732 489 800 qui
507 747 538 785 se
552 731 652 786 vixisse
668 732 779 787 beatum

101 826 117 852 ι
176 807 266 875 Dicat,
285 809 314 860 et
331 811 427 860 exacto
444 809 587 860 contentus
603 811 727 877 tempore
744 808 801 860 vita

178 881 268 935 Cedat
285 882 327 935 uti
344 881 456 935 conviva
472 884 555 948 satur,
573 882 693 950 reperire
711 895 847 949 queamus.

177 956 242 1010 dam
260 957 326 1009 satia
343 956 393 1010 est.
427 955 472 1008 Ne
489 969 534 1008 me
551 955 667 1024 crispini
684 956 781 1008 scrinia
797 953 864 1021 lippi
986 967 1019 1006 rao

178 1030 345 1100 Gompilasse
361 1033 449 1098 putes,
467 1029 580 1084 verbum
597 1045 651 1085 non
667 1029 782 1098 amplius
798 1027 905 1082 addam.

581 1169 622 1225 11.

178 1253 396 1306 Ananamsavu
414 1251 532 1320 collegia,
549 1251 779 1322 pharmacopolae,

178 1325 306 1394 Mendici,
324 1327 429 1392 mimae,
446 1327 607 1393 balatrones,
624 1328 675 1382 hoc
691 1345 777 1395 genus
794 1343 874 1382 omne

178 1401 316 1454 Maestum
333 1417 365 1454 ae
382 1402 526 1456 sollicitum
543 1407 585 1456 eat
601 1406 719 1457 cantoris
736 1407 824 1457 morte
841 1402 944 1470 'sigelli

179 1475 286 1544 Quippe
303 1476 435 1544 benignus
452 1481 519 1531 erat.
554 1478 656 1531 Contra
673 1479 724 1541 hic,
742 1495 776 1531 no
793 1479 924 1546 prodigus
941 1492 1002 1529 esso

178 1549 296 1604 Dicatur
311 1554 442 1618 metuens,
458 1550 532 1621 inopi
549 1553 616 1606 dare
633 1553 702 1606 nolit
718 1553 803 1605 amico
861 1603 864 1610 ,
1006 1565 1019 1604 a

179 1624 278 1694 Frigus
294 1642 348 1695 quo
365 1625 515 1696 duramque
532 1628 631 1681 famem
648 1627 798 1695 propellere
816 1626 908 1694 possit

179 1700 261 1754 Hune
278 1700 301 1754 si
316 1699 485 1770 perconteris
502 1702 545 1756 avi
563 1719 611 1756 eur
628 1707 711 1771 atque
727 1701 848 1770 parentis

179 1773 348 1830 Praeclaram
366 1775 473 1844 ingrata
490 1779 607 1846 stringat
622 1777 710 1830 malus
727 1776 844 1844 ingluvie
861 1789 927 1846 rem,

179 1849 277 1904 Omnia
293 1849 433 1914 conductis
449 1857 574 1906 coemens
590 1852 702 1907 obsonia
717 1851 841 1918 nummis,

177 1924 311 1978 Sordidus
327 1928 411 1994 atqua
427 1928 510 1981 animi
527 1928 601 1996 quod
617 1928 693 1996 parvi
710 1928 777 1980 nolit
794 1926 897 1993 haberi,
998 1939 1020 1980 ro

178 1998 344 2068 Respondet.
379 2000 520 2056 Laudatur
536 2003 571 2056 ab
588 2003 637 2070 his,
655 2003 780 2071 culpatur
796 2001 832 2055 ab
849 2002 910 2056 illis

178 2074 303 2129 Fufidius
319 2092 421 2145 vappae
439 2075 539 2132 famam
556 2078 636 2132 timet
653 2095 684 2132 ae
701 2077 849 2143 nebulonis,

178 2149 262 2204 Dives
279 2152 358 2218 agris,
376 2152 452 2206 dives
469 2153 564 2222 positis
581 2154 610 2206 in
627 2155 719 2207 fenora
736 2154 870 2208 nummis:

179 2225 281 2288 Quinas
298 2227 341 2279 hie
358 2227 440 2294 capiti
457 2229 596 2282 mercedes
613 2231 723 2282 exsecat
739 2233 822 2296 atque

179 2300 286 2361 Quanto
302 2301 437 2368 perditior
452 2304 567 2372 quiaque
585 2308 629 2357 est
645 2307 723 2357 tanto
741 2304 830 2356 acrius
846 2305 942 2369 urget3
999 2313 1022 2354 1⁵
1047 2301 1049 2308 '

178 2374 296 2428 Nomina
312 2379 433 2432 sectatur
449 2379 530 2431 modo
547 2382 656 2447 sumpta
672 2381 749 2430 veste
765 2376 836 2429 virili

178 2448 236 2502 Sub
253 2450 377 2518 patribus
394 2452 470 2506 duris
487 2453 614 2506 tironum.
648 2452 774 2518 Maxime,
793 2452 855 2520 quis
872 2467 933 2518 non,

178 2523 322 2594 Juppiter!
343 2526 477 2580 exclamat
494 2527 574 2580 simul
591 2531 676 2596 atque
692 2527 816 2582 audivit?
852 2527 894 2580 At
909 2527 938 2579 in
956 2543 986 2580 sc

179 2597 234 2652 Pro
251 2605 366 2668 quaestu
383 2605 520 2670 sumptum
536 2602 602 2656 facit
618 2603 669 2656 hie.
704 2600 760 2654 Vix
776 2602 890 2656 credere
908 2604 994 2670 possis

179 2673 267 2738 Quam
278 2675 330 2730 sibi
347 2692 400 2730 non
418 2677 455 2730 sit
470 2678 578 2744 amiciis,
596 2679 636 2732 ita
651 2681 685 2732 ut
699 2681 780 2747 pater
795 2677 842 2732 ille
859 2678 970 2732 'lerenti
996 2695 1019 2732 ao

178 2747 283 2802 Fabula
299 2765 381 2818 quem
398 2752 527 2806 miserum
543 2757 627 2820 gnato
642 2753 742 2807 vixisse
759 2753 852 2820 firgato

179 2823 289 2878 Inducit
306 2841 360 2878 non
378 2826 504 2895 se'pejus
520 2828 680 2882 cruciaverit
696 2833 780 2896 atqua
796 2827 848 2880 hic.

177 2898 208 2952 Si
224 2900 285 2969 quis
302 2917 372 2955 nzmo
389 2905 511 2970 quaerat,
530 2901 589 2965 Quo
605 2919 650 2955 res
666 2903 733 2954 hace
749 2902 891 2970 peruuart
908 2902 987 2958 illuc:

177 2972 251 3027 Dum
267 2976 355 3028 vitant
372 2976 449 3029 stulti
465 2977 532 3028 vitia
548 2977 578 3026 in
594 2977 728 3028 contraria
744 2979 865 3030 canunt

176 3047 307 3102 Maltinus
324 3051 423 3102 tunicis
440 3049 564 3101 demissis
577 3047 701 3100 ambulat
710 3067 718 3110 ;
735 3052 778 3101 est
795 3050 843 3116 qui
996 3065 1020 3103 rs

178 3123 285 3190 Inguen
302 3123 339 3177 ad
355 3124 517 3176 obscoenum
535 3120 676 3172 subductis
691 3135 778 3189 usque
795 3123 915 3187 facetus;

178 3197 306 3252 Pastillos
323 3197 440 3252 Rufillus
456 3195 519 3263 olet,
537 3193 687 3260 Gargonius
703 3193 816 3249 hircum.
