2276 3448
421 181 1007 234 SATIRARU1111.5.12.7

163 260 272 315 Primus
290 262 320 314 et
335 259 459 314 invenior
475 261 554 328 piper
572 261 664 314 album
680 277 742 314 cum
759 260 815 316 sale
832 260 909 329 nigro

162 334 303 388 incretum
320 327 395 403 puris
412 333 635 403 circumposuisse
651 337 756 390 catillis
984 347 1008 391 ιι

164 409 206 462 lm
197 427 287 464 mane
305 413 348 463 est
364 409 460 463 vitium
478 411 545 464 dore
561 411 646 464 miliia
661 414 741 464 terna
757 410 870 464 macello

163 487 344 554 Angustoque
361 501 443 552 vagos
459 486 547 554 pisces
563 502 661 554 urgere
678 487 775 541 catino.

163 556 264 624 Magna
280 562 372 612 movet
389 559 526 613 stomacho
542 559 661 628 fastidia,
679 577 728 616 seu
744 578 812 630 puer
828 559 918 614 unctis

162 631 300 686 'Praeterit
317 632 426 692 calicem
443 634 567 688 manibus
585 633 651 689 dum
667 636 741 690 furta
757 637 864 704 ligerim
899 635 902 640 ‘

163 706 226 760 Sira
243 709 333 776 gravis
349 710 437 763 reteri
453 712 577 764 craterae
594 710 676 764 limus
692 711 824 766 adhaesit.
839 713 845 724 '
981 734 1008 773 ec

162 781 271 836 Vilibus
287 784 317 837 iu
333 785 428 853 scopis,
444 784 474 838 iu
490 785 603 854 mappis,
620 785 650 840 in
666 786 745 840 scobe
763 789 881 854 quantus

162 856 295 912 Consistit
312 862 451 928 sumptum
486 859 514 914 N
515 861 626 928 eglectis
643 861 777 929 flagitium
793 861 897 928 ingens.

162 931 219 986 'sen
236 933 341 1002 lapides
356 936 447 989 'varim
463 935 600 990 lutulenta
616 936 715 990 radere
732 937 822 1006 palma

161 1008 199 1062 Iit
217 1009 310 1077 Tyrias
328 1010 395 1065 dare
412 1011 514 1065 circum
530 1011 618 1066 inluta
633 1013 732 1066 toralia
748 1015 842 1078 vestes

161 1083 285 1138 Oblitum
303 1089 405 1154 quanto
421 1102 514 1140 euram
529 1091 724 1156 sumptumque
741 1082 874 1140 minorem
980 1100 1005 1140 ss

162 1158 239 1213 Haec
256 1160 375 1216 habeant
392 1165 469 1216 tauto
483 1163 647 1231 reprehendi
660 1163 763 1231 justius
780 1163 835 1216 illis

161 1235 237 1298 Quae
255 1235 308 1290 nisi
325 1237 456 1290 divitibus
474 1241 611 1306 nequeant
628 1240 719 1292 cont-in
704 1255 786 1306 mere
802 1232 936 1290 mensisi”

161 1303 267 1364 “Docto
285 1311 353 1380 eati,
371 1329 421 1381 per
437 1313 584 1366 amicitiam
602 1313 732 1382 divosque
750 1317 868 1380 rogatus,

160 1383 268 1440 Ducere
285 1403 330 1441 me
346 1388 470 1442 auditum
488 1405 586 1475 perges
604 1404 764 1468 quocunque
782 1388 925 1440 mauronto.

160 1459 187 1513 N
188 1477 232 1515 am
250 1462 373 1530 quamvis
389 1464 502 1516 memori
520 1464 622 1516 referas
639 1453 706 1516 mihi
723 1466 833 1532 pectere
850 1464 954 1528 cuncta,
981 1475 1006 1516 aa
1073 1475 1075 1478 ·

159 1534 186 1588 N
188 1552 223 1589 on
240 1540 332 1590 tamen
349 1538 486 1606 interpres
504 1538 691 1592 tantundem
678 1538 791 1606 juveris.
827 1536 909 1590 Addo
961 1561 969 1576 ·

159 1610 229 1665 Vult
217 1615 275 1666 tum
293 1612 370 1666 habit
358 1617 471 1681 tumque
489 1613 612 1680 hominis,
633 1629 714 1682 quom
731 1616 764 1666 ιιι
780 1611 881 1664 vidisse
899 1610 933 1662 b
921 1613 995 1663 atus

158 1685 222 1740 Non
239 1688 445 1756 magnipendis
463 1689 527 1758 quia
545 1655 674 1756 contigit3
692 1690 722 1741 at
738 1686 805 1740 mihi
822 1701 887 1740 cura

158 1761 186 1814 N
187 1778 221 1815 on
238 1763 383 1818 mediocris
400 1764 480 1833 inest,
496 1765 587 1819 fontes
603 1769 636 1818 ut
653 1764 730 1818 adire
746 1764 865 1816 remotos

158 1837 255 1906 Atque
272 1838 382 1894 haurire
399 1855 498 1909 queam
515 1841 589 1894 vitae
606 1835 887 1909 praeoptabam?
983 1837 1007 1890 ab

566 1978 602 2032 V.

158 2060 246 2116 “Hoc
263 2075 379 2131 quoque,
396 2061 508 2128 Tiresia,
525 2065 635 2130 praeter
652 2063 762 2116 narrata
778 2059 885 2130 petenti

158 2134 314 2204 Responde,
332 2137 431 2205 quibus
447 2137 561 2190 amissas
578 2153 706 2206 reparare
723 2153 820 2206 queam
837 2133 895 2189 ros'

158 2211 275 2265 Artibus
292 2216 375 2280 atque
392 2211 488 2265 modis.
524 2212 598 2276 Quid
614 2213 724 2266 rideai’'
760 2212 775 2239 “
782 2212 801 2264 J
803 2227 882 2266 amno
900 2209 993 2263 doloso

157 2285 184 2338 N
185 2302 220 2340 on
239 2285 306 2340 satis
322 2290 367 2341 est
384 2285 507 2340 Ithacam
525 2288 619 2342 revehi
636 2287 793 2355 patriosque
810 2288 924 2353 penates

156 2362 349 2431 Adspicerei’'
386 2361 433 2415 “0
450 2363 517 2416 uuili
536 2363 686 2432 quidquam
703 2361 826 2425 mentite,
842 2358 920 2412 vides
937 2362 970 2411 ut
993 2373 1005 2412 a

156 2435 257 2491 Nudus
274 2438 406 2508 inopsque
423 2439 535 2492 domum
552 2437 673 2504 redeam,
690 2441 720 2489 te
736 2438 806 2500 vate,
823 2449 913 2502 neque
928 2434 983 2487 illic

156 2513 217 2567 Aut
234 2514 367 2581 apotheca
382 2513 472 2582 procis
488 2514 592 2567 intacta
609 2515 653 2565 est
670 2514 718 2564 aut
735 2525 832 2579 peeus;
849 2509 927 2576 atqui

156 2585 194 2642 Et
210 2604 298 2656 genus
316 2593 345 2643 et
365 2589 451 2644 virtus
468 2589 521 2642 nisi
537 2605 600 2642 cum
616 2603 648 2641 re
664 2586 743 2640 vilior
760 2585 821 2654 alga
837 2585 902 2639 est.'’

155 2662 294 2728 ‘Quando
311 2665 477 2733 pauperiem,
493 2663 585 2718 missis
601 2662 769 2730 ambagibus,
786 2661 888 2728 horres,

80 2731 88 2746 '
156 2739 260 2808 Accipe
279 2756 334 2810 qua
351 2739 458 2794 ratione
476 2755 561 2809 queas
579 2740 720 2794 ditescere.
755 2736 863 2791 Turdus
989 2757 1011 2800 ιο

155 2814 219 2868 Sive
237 2815 313 2870 aliud
330 2816 436 2884 primm
455 2815 567 2869 dabitur
583 2816 643 2883 tibi,
661 2815 771 2870 devolet
787 2813 851 2865 illuc
957 2861 969 2882 ,
1057 2853 1061 2862 .

92 2883 96 2894 '
155 2889 213 2944 Res
230 2890 289 2944 ubi
286 2907 394 2958 magna
410 2890 482 2944 nitet
500 2890 609 2944 dormine
627 2907 705 2954 sene;
722 2888 812 2942 dulcia
828 2901 909 2954 poma

155 2964 193 3018 Et
210 2981 387 3034 quoscunque
404 2965 477 3018 ieret
493 2965 550 3018 cult
539 2969 582 3018 tus
599 2965 652 3019 tibi
669 2963 770 3018 fundus
788 2963 904 3014 honores

73 3095 82 3112 .
156 3040 232 3093 Ante
251 3040 350 3094 Larem
367 3043 461 3108 gdstet
478 3039 659 3094 venerabilior
677 3039 747 3092 Lare
764 3037 856 3101 dives;

155 3113 210 3178 Qui
228 3116 352 3183 quamvis
369 3115 496 3182 perjurus
514 3115 574 3181 en't,
592 3113 650 3168 sine
667 3115 757 3180 gente,
774 3113 903 3163 cruentus
984 3118 1008 3160 is

155 3188 295 3258 Sanguine
311 3190 441 3258 fraterno,
458 3189 599 3256 fugitivus,
616 3203 651 3240 ne
668 3190 761 3240 tamen
778 3183 818 3237 illi
