2288 3444
118 164 164 212 114
392 157 546 209 HORATII
562 158 693 210 metu

80 305 81 308 Ἴ
118 238 201 294 Sutor
218 244 286 308 erat,
303 237 410 308 sapiens
427 239 518 308 operis
535 238 574 292 sic
591 237 712 306 optimus
728 234 817 292 omnis

118 314 170 370 Est
186 315 277 384 opifex
294 314 374 382 solus,
391 314 430 367 sie
446 330 504 368 rex.
538 311 654 367 Vellunt
670 306 723 370 tibi
740 302 853 368 barbam

118 389 225 444 Lascivi
241 389 335 458 pueri;
352 405 420 458 quos
437 392 470 443 tu
486 385 538 442 nisi
555 380 630 442 iuste
647 392 756 440 coerces

118 465 235 534 Urgeris
251 463 334 518 turba
350 464 452 517 circum
468 467 499 518 te
516 466 606 518 stante
624 461 762 529 miserque
945 463 969 504 ὅ»

120 539 267 609 Rumperis
284 542 314 594 et
330 538 422 606 latras,
440 555 599 604 magnorum
616 536 734 590 maxime
751 553 855 604 regum.

32 673 34 679 ,
119 614 165 670 Ne
181 615 291 683 longum
308 613 417 667 faciam:
436 614 501 666 duur
520 615 552 665 tu
569 611 720 680 quadrante
738 612 858 666 lavatum

120 689 182 744 Rex
199 689 252 760 ibis
269 705 358 756 neque
375 692 404 742 te
422 689 566 756 quisquam
583 687 698 756 stipator
715 687 839 756 ineptum

121 763 236 818 Praeter
254 763 407 831 Crispinum
427 762 583 830 sectabitur,
601 766 631 816 et
647 761 715 814 mihi
732 761 825 816 duces

121 838 268 908 Ignoscent
285 839 308 892 si
325 839 393 906 quid
409 853 522 906 peccaro
541 837 642 892 stultus
660 835 747 904 amici,
935 850 969 892 uo

121 914 211 983 Inque
227 915 314 968 vicem
331 913 438 967 illorum
456 913 545 982 patim
562 912 663 966 delicta
679 911 807 982 libenter,

121 989 302 1058 Privatusque
319 989 406 1058 magis
422 987 512 1042 rivam
528 991 558 1042 te
575 1002 642 1054 rege
658 985 765 1042 beatus

517 1129 569 1186 IV.

123 1216 244 1270 Euroms
261 1218 345 1283 atque
364 1213 493 1268 Cratinus
512 1211 764 1280 Aristophanesque
781 1215 887 1281 poetae,

124 1293 219 1359 Atque
235 1290 281 1343 alii
299 1304 414 1357 quorum
432 1285 571 1340 comoedia
586 1287 676 1354 prisea
693 1287 811 1340 virorum
828 1291 878 1354 est,

124 1367 153 1420 Si
171 1365 232 1432 quis
249 1367 311 1418 erat
329 1362 427 1430 dignus
444 1361 562 1432 describi
579 1361 654 1430 quod
670 1361 758 1414 malus
775 1379 807 1415 ac
823 1362 876 1430 fur,

125 1440 205 1504 Quod
222 1438 350 1492 moechus
366 1437 438 1490 foret
455 1440 504 1489 aut
521 1435 633 1490 sicarius
651 1441 699 1490 aut
715 1435 816 1506 alioqui

125 1517 264 1580 Famosns,
282 1511 368 1566 multa
386 1528 447 1565 cum
465 1510 748 1577 libertatenotabant.
958 1526 973 1568 t

124 1591 199 1646 Hine
215 1588 301 1642 omnis
318 1587 422 1656 pendet
440 1585 567 1653 Lucilius,
583 1585 663 1639 hosce
681 1590 790 1640 secutus

124 1665 240 1720 Mutatis
257 1667 364 1740 tanturn
380 1659 496 1730 pedibus
512 1660 695 1730 numerisque,
711 1659 823 1729 facetus,

125 1741 276 1795 Emunctae
294 1739 375 1802 uaris,
393 1737 478 1790 durus
495 1752 655 1804 componere
672 1753 775 1790 versus.

126 1815 197 1868 Nam
214 1814 268 1866 fuit
285 1813 335 1866 hoc
353 1811 480 1880 vitiosus:
498 1810 527 1862 in
545 1811 612 1863 hora
628 1827 709 1879 saepe
727 1811 859 1866 ducentos

126 1889 167 1942 Ut
183 1905 310 1954 magnum
327 1902 422 1939 versus
440 1884 562 1938 dictabat
579 1888 654 1938 stans
670 1885 742 1954 pede
758 1886 788 1940 in
805 1903 868 1939 uno.
951 1902 974 1942 ιο

127 1964 196 2018 (lum
213 1963 312 2015 flueret
329 1961 480 2014 lutulentus
498 1963 558 2013 erat
576 1959 651 2028 quod
667 1961 764 2015 tollere
781 1961 881 2026 velles3

127 2037 259 2092 Garrulus
276 2041 360 2104 atquc
377 2035 454 2102 piger
472 2034 608 2088 scribendi
626 2036 698 2088 ferre
715 2035 846 2102 laborem,

98 2120 113 2147 *
128 2111 270 2167 Scribendi
287 2113 376 2164 recte:
394 2126 457 2162 uam
474 2113 506 2163 ut
522 2109 639 2163 multum
656 2110 696 2162 nil
713 2127 811 2166 moror.
845 2112 925 2180 Ecce,

128 2186 269 2254 Crispinus
286 2185 398 2238 minimo
415 2200 459 2236 me
476 2187 618 2252 provocat:
637 2183 652 2211 “
658 2185 771 2254 Accipe,
789 2185 813 2240 si
830 2185 870 2240 vis

131 2261 268 2330 Accipiam
285 2259 407 2322 tabidam
425 2259 507 2311 detur
523 2257 601 2312 nobis
617 2259 700 2326 loeus,
718 2260 791 2329 hora,
861 2313 864 2319 ,
949 2271 973 2310 15

129 2335 277 2402 Custodem
295 2333 435 2388 videamus
452 2335 517 2386 uter
533 2333 595 2402 plus
612 2334 732 2388 scribere
749 2335 858 2403 possit.’'

129 2411 185 2464 “Di
202 2411 272 2464 bene
289 2409 414 2463 iecerunt
430 2408 518 2476 inopis
535 2425 580 2462 me
598 2409 727 2478 quodque
744 2409 835 2478 pusilli

128 2483 281 2560 Finxerunt
297 2484 387 2552 animi,
404 2499 465 2536 raro
483 2487 513 2537 et
529 2499 664 2552 perpauca
681 2484 825 2553 loquentis.

129 2563 170 2614 At
186 2564 218 2614 tu
235 2559 375 2613 conclusas
392 2557 503 2610 hircinis
520 2557 629 2611 follibus
646 2575 734 2626 auras,

130 2637 223 2703 Usque
240 2634 394 2688 laborantes
413 2631 477 2684 dum
495 2631 598 2685 ferrum
615 2634 719 2688 molliat
736 2633 814 2702 ignis,
954 2649 978 2684 ro

128 2711 169 2763 Ut
186 2709 271 2762 mavis
288 2705 418 2758 imitare.''
454 2705 557 2758 Beatus
575 2705 696 2761 Fannius
713 2709 787 2762 ultro

128 2783 234 2836 Delatis
251 2781 338 2848 capsis
355 2782 384 2832 et
401 2779 533 2845 imagine;
550 2795 611 2834 cum
628 2797 690 2836 mea
706 2799 787 2836 nomo
841 2825 842 2830 ι
895 2845 898 2851 Δ

128 2856 236 2922 Scripta
252 2855 327 2922 legat
343 2853 423 2920 vulgo
441 2853 556 2906 recitare
574 2854 696 2910 timentis
713 2858 749 2910 ob
766 2859 835 2912 hanc
852 2874 918 2924 rom,

129 2929 209 2992 Quod
225 2934 288 2982 sunt
302 2945 369 2996 quos
382 2943 469 2996 genus
482 2927 533 2980 hoe
547 2928 657 2982 minimo
670 2931 758 2998 juvat,
770 2937 867 3001 utpote
879 2933 973 3002 plures

129 3003 239 3068 Culpari
256 3003 359 3069 dignos.
394 3003 521 3066 Quemvis
539 3003 630 3056 media
647 3023 711 3058 erue
728 3008 822 3062 turba:
954 3027 980 3066 ιι

129 3077 189 3130 Aut
206 3075 241 3127 ob
258 3077 398 3132 avaritiam
415 3081 463 3128 aut
480 3077 579 3130 misera
596 3077 743 3132 ambitione
761 3081 873 3137 laborat.

130 3149 185 3205 Hie
201 3153 347 3218 nuptarum
364 3149 466 3204 insanit
483 3150 626 3219 amoribus,
644 3152 688 3206 hie
700 3170 865 3223 puerorum
