2288 3444
428 181 642 234 samareum
658 184 681 234 1.
699 185 722 234 4.
949 182 995 230 115

129 313 132 321 ,
149 254 232 312 Hunc
249 257 322 328 capit
338 256 444 328 argenti
463 261 604 329 splendor;
622 265 715 332 stupet
734 261 832 316 Albius
849 277 931 327 aere;

74 357 80 366 ·
149 330 205 386 Hic
222 337 311 388 mutat
327 351 431 388 merces
449 339 579 404 surgente
596 354 614 390 a
630 337 686 391 sole
703 337 740 391 ad
758 354 820 391 eum
838 354 892 406 quo

147 395 316 476 ,Vespertina
332 411 411 478 tepet
427 410 511 479 regio,
528 411 594 480 quin
611 428 661 480 per
678 413 749 466 mala
765 427 897 482 praeceps
972 425 996 466 ao

149 475 251 536 llcrtur
267 483 310 537 uti
326 483 414 552 pulvis
431 485 560 540 collectus
577 486 693 554 turbine,
711 487 830 556 nequid

150 557 263 612 Summa
279 558 413 628 deperdat
429 563 554 614 metuens
572 564 620 614 aut
637 562 749 630 ampliet
765 564 797 615 ut
814 577 880 614 rem.

151 631 254 686 Omnes
271 632 300 686 hi
316 637 444 688 metuunt
460 650 561 702 uersus,
579 635 663 690 odere
679 635 780 704 po'c'tas.

82 775 87 786 Ι
151 707 167 734 “
175 707 297 761 Poenum
308 707 392 762 habet
403 709 431 762 in
443 725 541 774 comu;
558 710 636 778 louge
648 711 725 779 fuge:
743 709 891 764 dummodo
902 710 987 764 risum

149 782 280 854 Excutiat
297 783 420 838 sibi-non
437 783 481 838 hic
498 785 622 855 cuiquam
639 789 735 855 parcet
752 787 837 840 amico
846 805 853 851 ;
970 798 994 840 cs

45 916 54 934 ι
152 855 189 911 Ε1
206 858 280 926 quod
297 875 404 928 cunque
421 859 506 914 semel
522 859 624 914 chartis
641 861 758 914 illeverit
775 877 868 915 omnes

152 931 261 988 Gestiet
277 929 389 988 alume
405 935 553 988 redeuntes
571 935 639 989 scire
656 935 771 1005 lacuque

151 1007 189 1062 Et
206 1025 305 1076 pueros
322 1011 351 1063 et
367 1009 457 1064 anus.''
495 1009 631 1078 Agedum,
648 1025 734 1078 pauca
751 1010 842 1078 accipe
858 1013 958 1064 contra

151 1080 274 1136 Primum
292 1099 342 1151 ego
359 1100 403 1138 mc
419 1083 527 1138 illorum
544 1084 669 1140 dederim
687 1085 785 1154 quibus
802 1101 863 1140 esse
880 1085 968 1154 poecis

151 1157 302 1226 Excerpam
319 1175 445 1213 numero:
461 1159 640 1228 nequeenim
656 1159 817 1214 concludere
833 1176 941 1213 versum
969 1176 993 1214 m

151 1232 260 1286 Dixeris
277 1249 337 1287 esse
354 1233 437 1300 satis;
454 1249 543 1302 neque
561 1235 584 1287 si
601 1235 648 1304 qui
666 1234 767 1288 scribat
783 1235 824 1289 uti
841 1251 891 1288 nos

151 1307 275 1362 Sermoni
291 1308 430 1378 propiora:
447 1311 528 1378 putes
544 1308 617 1363 hunc
633 1325 693 1364 esse
709 1313 826 1379 poetam.
847 1351 849 1358 s

151 1383 295 1452 Ingenium
312 1383 355 1437 cui
373 1383 417 1450 sit,
435 1382 478 1437 cui
495 1399 573 1436 mens
590 1383 707 1439 divinior
723 1387 806 1452 atque
816 1401 855 1438 ‘os

150 1457 251 1526 Magna
268 1461 432 1526 sonatumm,
450 1457 499 1512 des
516 1458 631 1512 nominis
648 1459 729 1527 hujus
745 1458 883 1514 honorem.

151 1533 258 1588 Idcirco
274 1531 385 1602 quidam
402 1533 541 1587 comoedia
556 1549 641 1587 necne
658 1538 754 1600 poema
793 1537 796 1540 '
969 1548 992 1588 rs

52 1657 55 1663 ,
150 1609 232 1662 Esset
249 1608 415 1676 quaesivere,
427 1607 507 1676 ,quod
523 1623 586 1661 acer
603 1607 713 1675 spiritus
731 1623 762 1661 ac
779 1607 821 1659 vis

150 1683 209 1737 Nec
225 1683 316 1738 verbis
332 1699 383 1736 nec
399 1681 481 1736 rebus
497 1682 575 1749 inest,
592 1681 645 1735 nisi
663 1682 736 1749 quod
753 1681 824 1750 pede
841 1683 917 1736 certo

149 1759 249 1812 Differt
266 1757 384 1812 semroni
402 1773 490 1811 sermo
507 1772 605 1811 merus.
641 1758 681 1810 At
698 1760 777 1830 pater
794 1755 894 1810 ardens

149 1833 248 1902 Saevit,
265 1833 339 1902 quod
355 1833 499 1886 meretrice
515 1849 600 1902 nepos
616 1833 726 1886 insanus
743 1832 829 1886 amica

149 1909 235 1976 Filius
251 1923 364 1962 uxorem
380 1907 478 1976 grandi
496 1923 557 1960 cum
575 1907 639 1962 dote
656 1912 770 1975 recuset,
969 1923 992 1964 m

148 1983 248 2038 Ebrius
265 1987 302 2052 et,
318 1999 446 2050 magnum
464 1982 537 2051 quod
555 1983 684 2050 dedecus,
700 1982 821 2036 ambulet
839 1985 903 2036 onte

147 2059 265 2114 Noctem
282 2075 344 2112 cum
360 2057 471 2112 lacibus.
505 2057 647 2132 Numquid
665 2058 832 2127 Pomponius¹
845 2057 905 2112 istis

148 2135 268 2193 Audiret
284 2133 385 2187 leviora
401 2137 480 2202 pater
497 2133 521 2186 si
538 2133 661 2188 viveret?
696 2133 769 2200 Ergo

147 2210 174 2263 N
175 2226 211 2263 on
229 2209 295 2262 satis
315 2211 358 2262 est
374 2208 450 2276 puris
467 2223 576 2262 versum
593 2207 762 2277 perscribere
779 2207 877 2275 verbis,
908 2223 912 2230 ’

148 2285 235 2352 Quem
253 2285 276 2337 si
294 2283 432 2350 dissolvas,
450 2283 538 2351 quivis
556 2283 740 2338 stomachetur
757 2283 854 2336 eodem
970 2304 993 2340 ss

148 2361 207 2425 Quo
224 2361 385 2428 personatus
401 2362 481 2426 pacto
498 2362 585 2427 pater.
620 2359 673 2412 His
690 2374 740 2426 ego
758 2374 827 2425 quae
844 2373 923 2426 nunc,

147 2435 220 2490 Olim
238 2450 307 2503 quae
324 2433 434 2502 scripsit
451 2433 579 2500 Lucilius,
597 2432 695 2500 eripias
713 2431 736 2484 si
925 2498 929 2504 Ι

146 2510 280 2578 Tempora
286 2511 361 2562 certa
367 2507 523 2577 modosque,
529 2511 558 2562 et
564 2507 638 2576 quod
646 2507 720 2575 prius
727 2505 942 2562 ordineverbum
949 2513 993 2562 est

147 2583 288 2638 Posterius
304 2583 394 2650 facias,
411 2591 580 2652 praeponens
596 2581 693 2636 ultima
709 2581 811 2650 primis,

136 2659 209 2713 Non
226 2662 259 2712 ut
276 2657 299 2711 si
317 2657 405 2710 solvas
423 2657 594 2727 “Postquam
612 2657 754 2710 Discordia
771 2660 844 2711 tetra
872 2663 888 2706 ’.
973 2676 998 2714 eo

146 2733 217 2788 Belli
234 2733 351 2786 ferratos
367 2735 460 2800 postes
478 2736 625 2802 portasque
643 2731 771 2799 refregit”

146 2808 275 2862 Invenias
292 2807 376 2878 etiam
394 2805 502 2874 disjecti
519 2807 641 2861 membra
657 2811 760 2874 poetae

146 2883 290 2938 Hactenus
306 2881 389 2936 haee:
407 2881 474 2935 alias
487 2881 594 2948 justum
612 2882 648 2934 sit
665 2898 750 2934 necne
768 2885 872 2948 po'e'mo,

144 2957 172 3012 N
173 2975 226 3012 unc
243 2956 313 3010 illud
329 2947 438 3010 tautum
456 2971 593 3022 quaeram,
610 2955 745 3008 meritone
762 2954 813 3006 tibi
831 2956 868 3008 sit
1008 3000 1009 3004 ,

145 3033 308 3102 Srrspectum
325 3048 411 3104 genus
428 3031 479 3083 hoc
497 3028 641 3082 scribendi.
677 3027 781 3080 Sulcius
799 3045 862 3080 acer
973 3043 995 3081 es

145 3101 280 3166 Ambulat
298 3111 327 3163 et
346 3106 461 3174 Caprius
478 3101 553 3156 rauci
571 3101 642 3154 male
659 3117 775 3167 cumque
791 3101 898 3167 libellis,

1006 1749 1016 1782 1

143 3187 264 3253 Magnus
281 3186 400 3250 uterque
418 3179 501 3232 timor
517 3175 668 3259 latronibus
677 3195 685 3242 ;
702 3178 732 3228 at
749 3174 819 3228 bene
837 3176 860 3228 si
877 3172 940 3243 quis

183 3261 214 3305 10

1128 3221 1135 3272 1
