2276 3448
443 149 513 200 ARS
529 148 689 199 romeis.
942 152 988 199 205

144 228 187 286 Ut
202 229 281 287 iestis
296 233 421 286 matrona
437 229 540 284 moveri
552 229 631 298 jussa
648 228 753 298 diebus,

146 303 279 360 Intererit
296 304 398 374 Satyris
414 305 525 374 paulum
542 303 702 372 pudibunda
717 308 859 373 protervis.

146 380 210 435 Non
226 397 278 448 ego
294 380 419 433 inornata
436 382 466 433 et
483 379 651 432 dominantia
666 379 775 433 nomina
792 381 878 435 solum

146 453 301 523 Verbaque,
321 455 439 522 Pisones,
458 454 616 521 Satyrorum
634 453 750 521 scriptor
767 454 878 521 amab0;
955 477 989 516 aas

147 526 206 583 Nee
223 529 262 584 sic
279 529 367 583 enitar
383 529 490 596 tragico
507 527 617 582 differre
635 527 718 581 colori

146 603 189 657 Ut
204 602 272 656 nihil
290 603 399 657 intersit
416 603 544 668 Davusne
561 601 688 671 loquatui·
705 606 735 658 et
753 604 843 658 audax

148 677 260 747 Pythias
277 681 402 732 emuncto
419 677 524 732 lucrata
542 677 650 731 Simone
666 677 808 745 talentum,

148 754 195 806 An
211 756 303 806 custos
319 753 490 822 famulusque
507 752 552 806 dei
572 751 678 806 Silenus
696 754 805 808 alumni.
822 801 826 807 .

148 828 192 881 Ex
208 831 274 881 noto
291 827 385 880 fictum
402 844 511 882 carmen
529 843 635 896 sequar,
647 831 679 881 ut
697 829 749 882 sibi
767 831 855 898 quivis
959 843 993 882 ero

149 902 248 970 Sperat
265 902 345 970 idem,
365 902 448 956 sudet
464 903 580 956 multum
597 902 753 972 inutraque
770 904 876 958 laboret

150 977 243 1030 Ausus
260 976 346 1031 idem:
369 980 479 1030 tautum
496 977 580 1030 series
593 976 776 1046 junctumque
793 979 883 1046 pollet,

149 1051 266 1104 ‘lantum
285 1051 428 1106 demedio
446 1052 561 1121 sumptis
579 1051 684 1106 accedit
699 1051 815 1107 honoris.
882 1073 884 1080 ’

150 1126 231 1180 Silvis
248 1125 359 1179 deducti
376 1129 489 1198 caveant
506 1143 550 1180 me
563 1125 658 1194 judice
676 1125 769 1193 Fauni,
796 1133 798 1140 ⁴

150 1200 177 1253 N
179 1218 195 1254 e
212 1201 289 1254 velut
305 1200 393 1254 innati
409 1202 498 1255 triviis
515 1218 547 1256 ac
564 1217 650 1270 paene
667 1201 789 1257 forenses

151 1278 212 1330 Aut
228 1276 340 1329 nimium
357 1277 465 1341 teneris,
474 1277 642 1345 juvenantur
659 1277 782 1332 versibus
798 1295 924 1348 unquam,

152 1354 212 1405 Aut
228 1351 367 1405 immunda
383 1356 497 1420 crepent
513 1351 744 1422 ignominiosaque
754 1353 837 1410 ,diota
846 1375 853 1419 ;
948 1421 951 1428 ,

152 1425 335 1479 Offenduntur
351 1426 424 1480 enim
442 1425 541 1494 quibus
559 1431 602 1480 est
618 1443 705 1496 equus
723 1431 753 1482 et
769 1431 849 1496 pater
865 1431 896 1481 et
910 1445 962 1495 res,
984 1453 990 1466 ·

152 1500 179 1554 N
181 1517 218 1568 ec,
235 1501 259 1554 ai
277 1501 344 1570 quid
360 1499 434 1554 fricti
451 1501 546 1556 ciceris
563 1500 662 1570 probat
679 1504 709 1555 et
724 1504 801 1556 nucis
818 1506 931 1570 emptor,
994 1545 997 1550 Δ
1078 1499 1089 1514 “

153 1576 259 1644 Aequis
275 1575 412 1644 accipiunt
428 1575 526 1630 animis
544 1576 679 1630 donantve
696 1592 800 1630 corona.
913 1619 917 1626 .
959 1591 993 1632 rso

153 1649 261 1717 Syllaba
277 1650 359 1718 longa
374 1650 452 1705 brevi
469 1649 594 1718 subjecta
610 1654 723 1706 vocatur
738 1651 852 1720 iambus,
990 1653 995 1662 '

154 1725 208 1778 Pes
224 1726 309 1792 citus3
330 1725 404 1780 unde
421 1726 505 1780 etiam
522 1726 655 1781 trimetris
671 1742 824 1782 accrescere
837 1726 920 1794 jussit
995 1769 998 1774 .

153 1800 261 1854 Nomen
278 1800 400 1870 tambeis,
418 1817 480 1856 cum
497 1817 576 1856 senos
593 1800 725 1856 redderet
740 1801 811 1856 ictus
833 1823 838 1852 .·
887 1829 891 1842 ·
910 1823 917 1852 s

155 1876 263 1928 Primus
280 1875 317 1928 ad
334 1880 487 1930 extremum
505 1876 599 1930 similis
617 1876 676 1931 sibi.
711 1876 738 1931 N
739 1893 774 1930 on
790 1877 831 1930 ita
847 1876 961 1945 pridem,

155 1950 269 2003 'lardior
285 1953 318 2004 ut
334 1951 415 2019 paulo
432 1951 594 2019 graviorque
611 1952 716 2005 veniret
732 1951 769 2004 ad
785 1967 872 2018 aures,
963 1965 998 2004 ars

155 2024 296 2094 Spondeos
314 2025 425 2079 stabiles
442 2025 550 2094 injure
565 2028 681 2094 paterna
696 2026 801 2096 recepit
837 2075 839 2080 ,
883 2061 885 2066 ,
906 2070 909 2078 ,

156 2099 321 2154 Commodus
337 2103 368 2156 et
383 2101 497 2169 paticus,
513 2117 568 2154 non
585 2105 618 2155 ut
634 2101 670 2155 de
687 2101 753 2156 sede
770 2102 888 2156 secunda

156 2174 276 2228 (lederet
292 2178 341 2229 aut
359 2179 457 2244 quarta
474 2176 616 2231 socialiter.
650 2176 705 2230 Hic
722 2179 752 2231 et
767 2177 796 2230 in
814 2178 880 2231 Acci

156 2249 301 2303 Nobilibus
318 2248 450 2305 trimetris
468 2255 581 2319 apparet
598 2267 683 2316 rarus,
701 2255 731 2303 et
748 2251 819 2304 Enni
1000 2297 1003 2302 .

158 2325 193 2378 In
210 2340 317 2378 scenam
334 2325 431 2377 missos
448 2341 510 2378 cum
526 2341 624 2391 magno
641 2323 763 2392 pondere
780 2341 874 2380 versus
954 2345 1002 2388 seo

158 2401 218 2454 Aut
235 2415 334 2467 operae
350 2399 446 2452 celeris
463 2399 576 2452 nimium
593 2415 712 2466 curaque
729 2399 846 2452 carentis

158 2475 219 2529 Aut
235 2474 375 2542 ignoratae
391 2474 493 2543 premit
510 2475 577 2527 artis
595 2474 707 2526 crimine
724 2473 808 2541 turpi.
835 2503 844 2532 -,

158 2549 185 2604 N
187 2566 222 2602 on
239 2550 328 2618 quivis
344 2549 421 2604 videt
437 2549 614 2620 immodulaia
631 2551 757 2616 poemata
770 2547 867 2619 judex,

159 2625 197 2678 Et
214 2625 280 2678 data
298 2624 427 2678 Romanis
445 2625 524 2678 venia
540 2627 585 2678 cst
600 2623 713 2691 indigna
728 2623 824 2692 postis.
848 2651 851 2658 =
876 2675 878 2680 .

160 2699 302 2754 idcircone
319 2717 402 2767 vagor
420 2699 591 2767 scribamque
608 2698 737 2752 licenter-l
760 2715 796 2752 an
812 2714 906 2754 omncs
971 2716 1005 2756 res

159 2775 276 2828 Visuros
292 2779 404 2842 peccata
420 2778 515 2843 putem
532 2790 600 2840 mea,
617 2776 695 2827 tutus
711 2775 741 2826 et
757 2774 830 2826 intra

47 2889 52 2900 .
160 2849 244 2919 Spem
261 2849 357 2903 reniae
374 2850 485 2903 centusi
520 2849 614 2906 vitavi
631 2847 750 2915 denique
768 2846 882 2915 eulpam,

161 2925 225 2979 Non
242 2923 352 2978 laudem
369 2923 463 2977 merui.
498 2923 556 2977 Vos
574 2922 740 2990 exemplaria
757 2922 861 2977 Graeca
950 2937 957 2952 ·

162 3000 303 3054 Nocturna
319 3001 426 3053 versate
442 3013 532 3062 manu,
550 3000 656 3051 versate
674 2996 794 3050 diurna

163 3078 205 3129 At
221 3075 306 3129 vestri
323 3073 417 3145 proavi
435 3072 575 3126 Plautinos
593 3075 623 3125 et
639 3086 767 3125 numeros
783 3075 812 3126 et
971 3089 1006 3130 aro

164 3149 324 3204 laudavere
342 3149 425 3204 sales:
449 3147 563 3202 nimium
581 3146 719 3216 patienter
736 3150 883 3220 utrumque
