2288 3444
140 175 190 227 118
412 171 580 222 :nouam
596 171 726 222 mom

46 265 56 286 .
143 253 308 309 Graecorum
325 252 406 320 longe
424 252 613 317 doctissimum
629 252 695 306 inde
714 251 815 306 chm
834 251 916 323 Appi,
961 257 968 264 ”

145 327 289 382 Diffcrtum
306 329 397 381 nautis
414 327 579 396 cauponibus
596 330 680 396 atque
697 327 829 395 malignis.

137 404 205 456 ilco
222 404 277 457 iter
294 403 384 471 ignavi
402 402 550 468 divisimus,
567 403 649 457 altius
665 419 697 456 ac
713 418 763 458 nos
982 419 996 460 c

145 478 311 532 Praecinctis
327 495 429 543 unum;
446 479 536 532 minus
553 481 596 532 est
613 478 703 546 gravis
722 477 813 546 Appia
830 479 926 533 turdis.

145 553 200 606 liic
217 570 267 622 ego
284 557 398 622 propter
415 569 520 622 aquam,
539 552 614 622 quod
631 556 691 606 erat
709 552 866 621 deterrima,
884 556 974 608 ventri

145 627 241 681 indico
257 627 367 695 bellum,
385 631 530 682 coenantes
547 627 622 682 haud
639 628 728 682 animo
744 643 833 696 aequo

144 701 314 771 ilxspectaus
331 703 451 757 comites
485 703 504 756 J
507 719 551 756 am
567 719 623 756 nox
633 703 769 773 inducere
785 703 869 758 terris

138 777 262 830 :Umbras
279 781 309 832 et
325 777 400 831 caelo
418 777 573 831 diffundere
590 778 666 846 signa
683 777 798 846 parabat
807 798 814 844 ;
971 793 994 832 io

86 863 98 882 ⁰
144 851 212 904 'ium
229 852 308 920 pueri
324 852 422 920 nautis,
440 853 532 920 pueris
550 853 670 908 convicia
686 856 786 907 nautae
810 881 814 890 ·
834 891 842 910 a

145 925 281 995 iugercre.
316 925 380 981 Huc
397 927 520 996 appelle!
557 927 705 980 Trecentos
722 925 834 981 inseris:
852 926 903 982 obe

143 1001 208 1056 Jam
225 1003 292 1056 setis
309 1007 368 1058 esti
405 1002 479 1055 Dum
496 1019 543 1056 aes
559 1002 687 1070 exigitur,
704 1000 771 1056 dum
789 1001 863 1056 munic
879 1001 989 1070 ligatur,
1030 1008 1034 1015 ’

143 1076 213 1131 Tota
228 1076 288 1132 abit
304 1077 378 1132 hora
413 1077 480 1131 Mali
497 1077 595 1130 culices
611 1091 747 1145 muneque
763 1077 898 1144 palustres

143 1153 283 1207 Avertunt
299 1169 412 1220 somnos,
429 1152 570 1207 absentem
586 1155 618 1206 ut
634 1155 728 1206 cantet
743 1153 857 1208 amieem
953 1169 992 1218 ,1⁵

143 1227 233 1282 Multa
248 1227 371 1296 prolutus
388 1244 476 1296 vappa
492 1230 576 1282 nauta
592 1231 677 1297 atque
694 1227 783 1282 viator

143 1301 283 1357 Certatim.
318 1302 439 1356 Tandem
455 1303 543 1356 fessus
560 1302 679 1356 dormire
696 1303 785 1356 viator

144 1377 251 1445 Incipit,
269 1394 300 1432 ae
317 1378 415 1432 missae
431 1381 540 1446 mum
557 1378 705 1434 retinacula
721 1377 812 1434 misae

143 1452 169 1506 N
171 1457 235 1508 aute
251 1454 329 1522 piger
346 1470 411 1508 saxo
427 1453 527 1522 religat
544 1455 692 1523 stertitque
710 1454 828 1523 supinus.

142 1528 262 1598 Jamque
279 1529 338 1582 dies
354 1529 458 1596 aderat,
476 1529 514 1582 nil
531 1545 593 1584 cum
612 1528 762 1598 procedere
779 1529 889 1584 lintrem
966 1549 990 1586 ss

142 1604 288 1674 Seutimus,
306 1605 392 1660 donoc
408 1605 567 1660 cerebrosus
583 1605 690 1674 prosilit
706 1620 777 1658 uuus

143 1681 186 1734 Ac
203 1681 292 1736 mulae
308 1685 463 1750 nouusque
480 1684 563 1750 caput
579 1679 741 1748 lumbosque
759 1679 862 1748 saligno

143 1754 229 1811 Frnste
246 1756 336 1811 dolat:
355 1761 453 1825 quarta
468 1756 515 1810 vix
533 1756 643 1810 demum
661 1754 821 1824 exponimur
836 1754 908 1810 hora

142 1831 199 1884 Ora
215 1847 364 1900 manusque
381 1835 431 1886 tua
447 1831 569 1898 lavimus,
588 1829 711 1896 Feronia,
729 1829 845 1898 lympha

142 1906 230 1960 Millia
245 1910 305 1960 tum
321 1907 412 1974 pransi
429 1907 484 1960 tria
500 1907 619 1974 repimus
636 1908 720 1974 atque
737 1905 859 1959 subimus
923 1935 926 1940 ·
964 1919 990 1961 rs

143 1981 304 2051 Impositum
323 1983 395 2034 saxis
412 1982 469 2036 lato
487 1979 666 2036 candentibus
684 1981 790 2034 Anxur.

143 2055 206 2111 Huc
223 2060 352 2110 sentinus
369 2061 429 2111 erat
446 2057 591 2111 Maecenas
608 2055 727 2124 optimus
744 2060 828 2130 atquae

142 2132 275 2199 Cocceius,
293 2131 368 2186 missi
385 2133 490 2200 magnis
507 2131 644 2186 derebus
660 2134 778 2200 uterque

142 2207 247 2276 Legati,
265 2223 373 2262 aversos
390 2208 463 2261 soliti
480 2223 641 2277 componere
657 2205 765 2261 amicos.

142 2283 196 2338 Hic
214 2283 297 2338 oculis
314 2299 365 2351 ego
381 2283 461 2352 nigra
477 2283 546 2337 meis
563 2282 673 2352 collyria
689 2282 780 2351 lippus
959 2293 986 2333 se

142 2359 260 2414 illinere.
295 2359 407 2414 Interea
424 2359 568 2413 Maecenas
584 2356 697 2412 advenit
713 2361 797 2426 atque

141 2435 270 2500 Cocceius
287 2435 437 2504 Capitoque
454 2435 534 2488 simul
552 2433 689 2498 Fonteius,
707 2433 744 2486 ad
759 2448 877 2501 maguam

141 2511 241 2566 Factus
258 2511 345 2578 homo,
365 2510 469 2564 Antoni
486 2526 541 2564 non
558 2512 591 2563 ut
607 2509 695 2576 magis
711 2509 781 2564 alter
797 2508 906 2563 amicus.

141 2586 252 2640 Fundos
270 2585 381 2638 Aufidio
400 2585 487 2638 Lusco
503 2588 629 2653 praetore
646 2584 764 2640 libenter

140 2661 307 2728 Linquimus,
325 2659 411 2712 insani
428 2659 550 2714 ridentes
566 2660 688 2728 praemia
704 2660 816 2727 scribae,

141 2734 315 2787 i’ractextarn
333 2737 362 2786 et
378 2733 464 2786 latum
481 2734 587 2787 olavum
603 2750 762 2804 primaeque
779 2735 909 2791 batillum.

140 2808 175 2860 In
192 2807 392 2861 Mamurrarum
409 2808 472 2861 lassi
490 2809 591 2862 deinde
607 2808 840 2879 urbemanemus,

140 2881 256 2935 Murena
272 2882 422 2950 praebente
440 2882 557 2951 domum,
575 2882 708 2951 Capitone
724 2886 847 2940 culinam.

140 2955 254 3009 Postera
270 2956 318 3009 lux
335 2957 423 3011 oritur
439 2959 525 3013 multo
541 2958 713 3026 gratissims;
730 2976 848 3030 namquo

140 3027 245 3082 Plotius
261 3033 291 3083 et
308 3030 408 3085 Varius
426 3032 569 3087 Sinuessae
587 3033 773 3102 virgiliusque
962 3053 985 3093 su

139 3101 299 3170 Occummt,
316 3106 422 3160 animae
439 3107 533 3174 quales
549 3123 639 3175 neque
655 3107 827 3163 candidiores

119 3175 223 3231 'Tema
239 3177 409 3248 tulitneque
427 3181 488 3248 quis
505 3197 550 3236 me
567 3182 604 3236 sit
621 3181 771 3236 devinctior
788 3184 865 3240 alter.
974 3232 982 3243 .
