2288 3444
268 469 308 550 Q.
348 465 601 535 HORATII
640 463 855 532 FLAOCI

405 619 719 688 CARMINUM
814 605 822 620 ’

459 793 585 850 Llsslru
605 791 660 852 IV.

275 1045 454 1113 irminsul,
472 1045 574 1112 Venus,
592 1045 641 1100 diu

308 1122 413 1174 Rursus
430 1119 502 1174 bella
518 1122 629 1174 mores?
618 1119 744 1188 lParee,
760 1137 865 1191 precor,
879 1137 983 1191 precor.

273 1194 300 1250 N
301 1211 336 1249 οιι
352 1211 412 1249 eum
430 1193 517 1263 qualis
534 1209 610 1247 eram
627 1193 714 1248 bonae

307 1269 365 1324 Sub
380 1285 466 1338 reguo
484 1268 606 1323 Cinarae.
641 1267 752 1337 Desine,
771 1269 889 1359 dulcium

273 1343 364 1399 Mater
381 1359 462 1398 saeva
480 1342 651 1412 Cupidinum,
971 1359 985 1400 e

307 1419 386 1474 (lirea
401 1419 488 1474 lueira
505 1419 600 1473 decem
616 1407 729 1473 flectere
746 1419 873 1473 mollibus

272 1493 336 1548 Jam
353 1493 477 1547 durum'
468 1494 605 1562 imperiis:
622 1494 668 1547 abi

307 1569 367 1632 Quo
383 1566 526 1620 blandae
513 1580 647 1634 Juvenum
664 1571 694 1622 te
711 1571 840 1622 revocant
856 1584 959 1654 precem

273 1641 496 1710 Tempestiriue
487 1657 516 1693 ιιι
534 1641 645 1694 domum

308 1715 395 1770 Paulli
411 1715 556 1784 purpureis
573 1715 630 1769 ales
647 1714 766 1770 oloribus
959 1732 983 1775 ιο

273 1790 490 1846 Commissabere
507 1789 629 1859 Maximi,

306 1866 336 1920 Si
352 1869 457 1920 torrere
469 1864 551 1933 jeeur
568 1865 677 1934 quaeris
693 1864 838 1922 idoneumz
915 1903 918 1908 ·

272 1940 398 2009 Namque
414 1943 445 1994 ei
460 1939 558 1994 nobilis
575 1944 604 1995 et
621 1940 721 2008 decena
754 1947 756 1952 '

306 2015 343 2070 lli
359 2031 409 2084 pro
427 2015 548 2069 sollicitis
564 2031 619 2070 non
636 2017 735 2072 tacitus
752 2017 807 2070 reis

272 2091 310 2148 Ei
326 2094 437 2144 centum
453 2107 522 2160 puer
539 2091 639 2144 artium
673 2127 676 2136 ·
962 2109 984 2148 ιε

306 2165 375 2220 Late
392 2165 469 2233 sigua
485 2165 556 2219 feret
574 2165 687 2220 militiae
705 2171 776 2234 tuae,

272 2241 310 2298 Iit
327 2240 490 2310 quaudoque
507 2241 647 2309 potentior

306 2315 389 2384 Largi
406 2316 564 2369 muneribus
581 2315 675 2370 riserit
692 2317 791 2371 aemuli

272 2390 395 2446 Albanae
411 2406 495 2459 prope
512 2393 542 2444 te
558 2389 633 2444 laeua
874 2393 876 2397 '

306 2465 394 2519 Ponet
410 2479 590 2518 marmoream
608 2463 660 2518 sub
677 2464 757 2518 trabe
775 2465 867 2524 ciirea
960 2483 984 2522 ιο

244 2545 247 2550 ’
272 2539 334 2594 Illic
350 2540 467 2608 plurima
484 2538 595 2592 naribus
635 2545 637 2548 '

306 2615 397 2668 Duces
413 2614 502 2679 thura,
520 2613 649 2684 lyraeque
666 2616 697 2668 et
714 2615 892 2685 Berecyntiae

249 2755 254 2766 ¹
272 2688 452 2744 Delectabere
469 2689 554 2743 tibiae
572 2715 578 2728 .

305 2764 401 2818 Mixtie
418 2763 584 2818 earrninibue
600 2779 655 2818 ιιοιι
673 2764 732 2819 sine
750 2765 858 2833 lieiu1a3

272 2838 334 2895 Illic
351 2839 394 2892 bis
410 2839 489 2906 pueri
507 2839 553 2892 die
960 2858 985 2896 ιι

305 2914 414 2966 Numen
431 2930 493 2967 cum
510 2913 615 2966 teneris
632 2913 785 2980 virginibus
801 2916 880 2968 tuum

271 2988 428 3042 Laudanies
445 2987 516 3055 pede
534 2986 651 3040 candido

306 3064 340 3116 ln
357 3077 459 3116 morem
479 3060 581 3114 Salium
598 3064 644 3112 ter
660 3059 786 3128 quatient
802 3053 921 3115 humum.
1000 3071 1018 3114 .'

270 3137 318 3194 lle
335 3153 386 3191 nec
402 3137 505 3190 femina
522 3147 572 3186 nec
589 3147 657 3200 puer

304 3213 324 3266 J
326 3228 370 3265 am
387 3226 439 3264 nec
456 3225 520 3278 spes
536 3207 620 3260 animi
637 3207 748 3262 credula
765 3209 862 3274 mutui,
959 3219 984 3257 er
