2276 3448
439 165 509 214 Ans
525 161 688 214 Poenos.
933 163 981 212 2⁰³

133 243 226 297 Primo
243 260 278 298 ne
295 242 423 310 medium,
442 241 533 296 medio
551 257 587 296 no
605 242 744 311 discrepet
754 241 846 297 imum.

134 317 176 371 'lu
192 317 261 386 quid
278 334 330 385 ego
348 321 377 372 et
394 316 511 387 popualus
527 332 635 370 mecum
654 316 794 370 desideret
810 315 887 372 audi:

135 392 165 446 Si
182 393 315 460 plausoris
332 408 397 461 eges
415 391 511 446 aulaea
528 391 665 446 manentis
681 393 712 445 et
729 407 815 459 usqne

134 467 241 522 Sessuri
258 467 345 524 donec
361 471 456 522 cautor
473 467 543 522 ‘Vos
560 467 695 536 plaudite'
715 465 797 531 dicat,
949 481 982 520 ur

136 543 247 598 Aetatis
264 543 396 612 cujusque
412 541 525 598 notandi
543 545 608 596 sunt
624 541 676 596 tibi
693 557 790 608 mores,

135 617 338 688 Mobilibusque
355 617 437 672 decor
453 618 560 672 naturis
578 617 686 671 dandus
696 621 734 672 et
748 617 833 672 anuis.

136 693 265 748 Reddere
282 693 330 762 qni
347 709 427 748 voces
441 691 501 761 jam
520 693 572 746 scit
589 709 659 762 puer
676 696 706 760 et
723 692 795 762 pede
812 695 888 746 certo

136 769 233 836 Signat
249 769 369 837 humum,
388 763 473 837 gestit
491 767 602 836 paribus
619 767 765 836 colludere,
784 770 814 823 et
831 768 901 822 iram

64 885 68 894 .
136 843 247 912 Colligit
265 859 297 898 ac
314 843 391 911 ponit
409 847 521 909 temere,
539 845 569 896 et
586 845 710 898 mutatur
727 843 756 897 in
774 843 861 897 boras
949 857 983 896 uo

136 917 283 972 Imberbus
296 917 405 985 juvenis
422 917 535 978 tolidem
553 916 668 970 custode
684 921 790 972 remoto

136 995 247 1049 Gaudet
264 993 342 1061 equis
360 992 526 1060 canibusque
544 995 575 1046 et
592 991 676 1061 aprici
693 993 816 1060 grannne
835 993 930 1060 canini,
1017 987 1020 994 ’

136 1069 240 1124 Cereus
256 1068 285 1122 in
303 1067 397 1122 vitium
416 1067 497 1133 flecti,
515 1066 695 1122 monitoribus
712 1083 800 1135 asper,

135 1144 254 1198 Utilium
272 1143 368 1198 tardus
385 1143 513 1212 provisor,
530 1141 661 1212 prodigus
678 1142 756 1210 aeria

136 1219 265 1274 Sublimis
281 1218 450 1288 cupidusque
467 1221 498 1272 et
515 1220 606 1272 amata
622 1217 778 1286 relinquere
794 1219 898 1288 pernix
950 1231 983 1270 ur

136 1295 281 1350 Conversis
299 1293 397 1349 studiis
414 1297 490 1348 aetas
508 1293 669 1364 animusque
685 1293 772 1348 virilis

136 1369 252 1434 Quaerit
269 1385 335 1439 opes
351 1373 381 1424 et
397 1369 538 1438 amicitias,
555 1369 671 1424 inservit
686 1369 790 1437 honori,

136 1444 310 1500 Commisiase
327 1447 406 1500 cavet
423 1444 498 1512 quod
515 1460 578 1498 mox
595 1448 703 1499 mutare
720 1444 834 1501 laboret.

136 1519 226 1576 Multa
242 1536 334 1576 senem
351 1519 565 1574 circumveniunt
581 1519 758 1587 incommoda,
775 1520 817 1574 vel
835 1520 908 1588 quod

137 1594 251 1659 Quaerit
268 1599 298 1650 et
314 1594 433 1650 inventis
449 1594 533 1648 misor
550 1592 671 1648 abstinet
686 1609 719 1648 ao
735 1594 816 1648 timet
832 1595 881 1660 uti,
950 1609 983 1649 no

136 1670 189 1724 Vel
207 1670 281 1740 quod
297 1677 343 1725 res
361 1685 454 1725 omues
472 1667 569 1724 timide
587 1669 732 1738 gelideque
749 1669 890 1736 ministrat,

136 1745 250 1814 Dilator,
268 1761 317 1814 spo
334 1745 437 1814 longus,
454 1744 534 1810 iners,
552 1743 702 1813 aridusque
719 1744 813 1813 futuri,

136 1821 267 1888 Difficilis,
285 1821 421 1890 querulus,
438 1820 565 1874 laudator
581 1819 713 1888 temporis
730 1819 784 1873 aeti

136 1898 172 1951 So
189 1913 281 1967 puero,
299 1897 446 1964 castigator
462 1911 612 1964 censorque
628 1894 770 1950 minorinn.
1044 1947 1047 1954 ,

136 1973 226 2028 Multa
242 1973 335 2026 ferunt
351 1973 415 2026 anni
431 1972 573 2026 venientes
590 1971 731 2025 commoda
746 1987 844 2039 secum,
949 1982 983 2023 17⁵

135 2050 226 2103 Multa
243 2045 403 2102 recedentes
419 2046 551 2101 adimunt.
586 2045 612 2099 N
614 2062 631 2100 e
647 2046 719 2101 forto
737 2046 836 2100 seniles
868 2078 873 2086 ι

135 2124 304 2178 Mandentur
315 2122 413 2191 juveni
430 2125 522 2192 partes
539 2137 679 2192 pueroque
696 2121 795 2190 ririlos,
846 2181 849 2188 ,

135 2201 250 2268 Semper
266 2199 295 2252 iu
313 2198 451 2267 adjunctis
467 2214 589 2266 aevoque
605 2197 773 2252 morabimur
790 2197 868 2266 raptis

136 2275 196 2328 Aut
213 2274 304 2342 agitur
320 2290 365 2328 ros
382 2274 411 2328 in
429 2274 517 2328 scenis
534 2277 583 2326 aut
599 2276 662 2327 acio
678 2273 804 2328 refertur.

135 2349 251 2418 Segnius
267 2348 379 2402 irritant
395 2348 499 2401 animos
517 2345 636 2400 demissa
652 2362 703 2414 per
715 2339 821 2414 aurem,
950 2361 984 2400 rer

136 2424 225 2490 Quam
242 2439 312 2493 quae
329 2424 394 2476 sunt
411 2421 496 2476 oculis
513 2419 639 2488 subjecta
655 2419 790 2488 fidelibus,
807 2423 837 2474 et
854 2437 924 2489 quae

136 2501 202 2569 Ipse
220 2500 271 2555 sibi
289 2498 377 2554 trudit
394 2499 545 2567 spectator:
569 2511 624 2550 non
641 2498 734 2550 tamen
750 2496 826 2550 intus

135 2575 227 2644 Digna
243 2575 303 2642 geri
320 2589 428 2645 promes
444 2572 473 2626 iu
491 2587 607 2638 scenam,
625 2571 765 2640 multaque
782 2570 862 2624 tolles
944 2615 949 2626 .

135 2651 178 2704 Ex
196 2650 280 2703 oculis
297 2666 368 2718 qnae
385 2665 449 2703 mox
465 2651 560 2702 narret
576 2645 705 2701 facundia
721 2661 856 2715 praesens

135 2727 162 2780 N
164 2742 179 2780 e
196 2740 296 2794 pueros
313 2741 403 2779 corum
420 2724 521 2793 populo
539 2722 639 2777 Medea
655 2721 783 2788 trucidet,
947 2735 980 2775 ns

136 2803 196 2854 Ant
212 2799 331 2853 humane
347 2799 438 2867 palam
454 2802 554 2866 eoquat
572 2801 636 2851 exta
653 2796 773 2850 nefarius
792 2797 904 2862 Atreus,

136 2879 197 2930 Aut
213 2875 242 2929 in
259 2890 337 2928 avem
355 2875 460 2928 Procne
476 2877 609 2940 vertetur,
627 2872 748 2926 Cadmus
765 2871 794 2924 in
813 2887 937 2938 unguem.

136 2949 324 3018 Quodcunque
341 2948 462 3003 ostendis
478 2947 546 3001 mihi
563 2948 602 3000 sic
618 2946 776 3001 incredulus
792 2945 845 3000 odi.

136 3025 214 3079 Neve
230 3025 318 3098 minor
334 3040 389 3078 neu
406 3023 443 3077 sit
460 3023 555 3092 quinto
572 3022 731 3092 productior
748 3025 812 3074 actu
835 3051 838 3056 ·

136 3098 248 3165 Fabula,
266 3117 337 3170 quae
353 3098 428 3171 posci
444 3099 504 3152 vult
520 3101 549 3152 et
566 3100 689 3166 spectata
705 3097 818 3165 reponi;
951 3111 984 3153 no

136 3173 197 3230 Neo
214 3175 283 3230 dous
299 3176 409 3231 intersit
426 3174 478 3229 nisi
495 3173 595 3243 dignus
612 3172 718 3228 vindico
735 3170 822 3229 nodus

172 3248 201 3296 l'l
