2268 3448
382 163 585 220 CARMINUM
602 171 640 219 II.
660 171 697 220 li.
933 169 965 221 3⁵

221 246 258 304 Et
275 249 409 319 quidquid
426 265 541 319 usquam
558 249 708 320 concipitur
726 253 802 303 nasas

221 322 366 392 Praeterit,
383 341 448 394 agro
465 325 514 394 qui
532 325 630 380 statuit
646 341 707 378 meo
943 338 965 380 ro

254 399 300 466 Pe,
317 399 397 454 triste
413 401 524 468 lignum,
542 403 572 454 te
588 399 720 454 caducum

289 474 324 528 In
341 475 444 530 domini
461 478 543 545 caput
559 476 736 529 immerentis.

223 547 294 615 Quid
311 550 426 620 quisque
442 551 512 605 vitet
529 566 668 619 nunquam
686 549 788 602 homini
806 548 873 604 satis

222 625 338 680 (lautum
354 630 397 680 est
414 627 443 680 in
459 627 555 680 horas:
572 626 665 680 navita
683 626 835 694 Bosporum

255 699 363 754 Poenus
379 701 562 770 perhorrescit
578 717 667 770 neque
684 702 759 756 ultra

288 775 376 836 Caeca
391 777 472 832 timet
489 776 599 831 aliunde
615 777 680 845 iata,

221 846 303 904 Miles
320 851 480 920 sagittaret
496 852 613 907 celerem
629 853 723 920 fugam

222 923 326 990 Parthi,
344 929 453 982 mtenas
472 927 590 981 Parthus
608 929 637 981 et
655 927 758 982 Italum
875 947 879 958 ·

254 999 367 1067 Robur;
384 1001 435 1056 sed
452 1001 597 1072 improvisa
613 1001 664 1057 leti

288 1075 339 1130 Vis
355 1077 448 1146 rapuit
465 1078 609 1146 rapietque
626 1079 731 1146 gentes.

221 1149 307 1214 Quam
323 1167 411 1219 paene
428 1153 522 1206 furvae
540 1169 625 1220 regna
643 1150 823 1218 Proserpinae

221 1223 440 1293 dejicientem
457 1227 575 1281 vidimus
594 1229 716 1281 Aeacum

254 1301 394 1372 Sedesque
413 1303 547 1357 discretas
563 1302 672 1372 piorum
690 1304 720 1355 et

289 1378 392 1432 Aeoliis
409 1378 510 1433 fidibus
528 1381 691 1449 querentem

220 1448 329 1520 Sappho
346 1453 444 1520 puellis
463 1453 499 1507 de
516 1453 701 1522 popularibus,

220 1523 258 1579 lit
274 1530 304 1580 te
321 1531 463 1582 sonantem
480 1528 586 1597 plenius
604 1543 694 1594 aureo,

255 1601 366 1670 Alcaeo,
383 1602 488 1670 plectro
507 1601 577 1656 dura
593 1603 676 1665 navia

281 1676 367 1730 'Dura
384 1678 464 1744 fugae
481 1676 560 1744 mala,
579 1677 649 1730 dura
665 1675 748 1733 bcllli

220 1749 374 1820 Utrumque
392 1767 467 1806 sacro
485 1751 569 1820 digna
585 1752 697 1808 silentio

219 1825 356 1881 Mirantur
372 1827 491 1881 umbrae
504 1828 614 1893 dicore3
632 1827 681 1882 sed
698 1827 782 1895 magis
835 1837 837 1842 ’
941 1855 946 1867 ,

253 1901 363 1970 Pugnas
380 1905 410 1956 et
427 1906 538 1956 exactos
555 1906 685 1970 tyrannos

287 1978 409 2032 Densum
426 1978 547 2032 humeris
564 1977 636 2032 bibit
652 1995 719 2032 aure
735 1979 839 2046 vulgus.

222 2050 293 2116 Quid
309 2053 416 2121 mirum,
432 2053 482 2107 ubi
498 2054 551 2108 illis
569 2050 732 2108 carminibus
750 2059 869 2130 stupens.

221 2125 440 2184 Demittit'atras
458 2129 550 2184 bellua
567 2130 704 2199 centiceps

252 2203 343 2258 Aures
361 2208 391 2260 et
407 2206 502 2260 intorti
519 2205 623 2274 capillis
680 2215 683 2223 ·

287 2276 468 2334 Eumenidum
486 2284 643 2334 recreantur
660 2282 781 2348 angues?

220 2351 291 2417 Quin
309 2358 338 2408 et
356 2355 536 2409 Prometheus
553 2360 583 2409 et
601 2355 710 2424 Pelopis
726 2369 826 2422 parens

215 2427 293 2482 Dulci
310 2429 432 2483 laborum
451 2429 588 2498 decipitur
606 2445 671 2482 sono
680 2449 688 2494 ;

252 2504 280 2558 N
281 2520 313 2558 ec
330 2508 408 2558 curat
426 2504 510 2559 Orion
527 2503 620 2558 leones

287 2580 347 2634 Aut
363 2579 475 2635 timidos
491 2578 596 2650 agitare
612 2578 710 2647 lyncas.

500 2721 580 2776 XIV.

220 2800 303 2857 lianc
319 2801 435 2870 fugaces,
455 2803 592 2871 Postume,
611 2802 748 2870 Postume,

220 2876 362 2932 Labuntur
379 2878 449 2946 anni,
467 2895 517 2932 nec
534 2879 622 2947 pietas
638 2894 742 2931 moram

183 2959 186 2964 '
253 2953 339 3022 Rugis
357 2957 386 3007 et
403 2953 516 3006 instanti
534 2956 660 3006 senectae

287 3029 395 3082 hilaret
411 3027 615 3095 indomitaeque
631 3026 757 3094 morti,-

219 3100 246 3156 N
247 3119 289 3170 on,
307 3103 330 3156 si
347 3103 473 3170 trecenis,
493 3105 627 3172 quotquot
645 3105 712 3155 eunt
729 3102 796 3168 aaa

220 3177 323 3246 Amice,
340 3177 430 3248 places
447 3175 659 3232 illacrimabilem
