2276 3448
142 233 145 240 ι
406 172 659 222 EPISTOLARUM
671 173 693 222 1.
709 173 731 222 l.
940 173 985 221 llll

143 249 172 303 N
173 266 208 304 on
225 255 258 305 ut
274 251 424 321 porticibus
442 253 481 306 sic
493 251 606 321 judiciis
623 252 699 306 lnior
716 251 811 319 isdem,

144 325 172 378 N
173 341 205 378 ec
222 341 322 395 sequar
338 330 387 381 aut
404 327 506 394 fugiam
524 344 595 396 quae
614 327 703 394 diligit
721 327 780 395 ipse
796 325 840 380 rel
857 323 923 390 odit,
980 327 993 342 '

146 399 219 454 Olim
237 401 312 469 quod
329 402 425 471 vulpes
442 406 554 470 aegroto
572 407 653 457 cauta
670 403 743 455 leoni

147 473 301 544 Respondit
318 477 449 533 referam:
469 479 539 543 Quia
555 495 601 533 rne
617 478 732 545 vestigia
748 480 864 545 terrent,

148 551 247 604 Omnia
263 554 293 604 te
311 551 456 606 adversum
474 553 633 622 spectantia,
650 553 724 605 nulla
740 556 898 606 retrorsum.
958 557 994 604 'rs

148 624 245 678 Bellon
251 625 398 680 multorum
408 628 570 696 escapitum.
588 627 993 696 Namquidsequcrautqueml

149 699 218 754 Pars
235 701 374 754 hominum
391 702 477 770 gestit
493 703 646 756 conducere
662 702 778 771 publica,
796 705 861 756 sunt
877 702 924 770 qui

149 775 256 828 (trustis
273 780 303 829 et
319 777 669 844 pomiseiduasveneutur
686 793 789 846 avaras,

150 850 347 919 Excipinntque
365 867 442 905 senes
460 869 528 921 quos
544 853 573 906 in
589 853 692 907 vivaria
708 853 836 919 mittaut;

149 925 245 980 Multis
262 927 367 980 occulto
384 928 481 982 crescit
498 944 543 982 res
559 929 659 982 fenore.
695 928 800 981 Verum
970 940 994 978 so

95 1025 101 1034 ·
149 1001 217 1054 Esto
234 1001 294 1056 aliis
311 1002 377 1056 olins
394 1002 476 1056 rebus
494 1003 645 1072 studiisque
662 1002 765 1056 teneri:
862 1033 865 1038 ·

150 1075 230 1130 idem
248 1077 344 1131 eadem
361 1081 476 1146 possunt
492 1078 586 1132 horam
604 1078 703 1131 durare
720 1077 883 1146 probantesl

149 1150 249 1205 Nullus
265 1153 294 1206 iu
311 1151 377 1206 orbe
395 1154 469 1206 sinus
488 1153 562 1206 Baiis
579 1153 718 1221 praelucet
734 1153 861 1220 amoenis,

150 1227 180 1280 Si
197 1227 267 1282 dixit
284 1228 367 1296 dives,
384 1229 458 1283 lacus
475 1231 505 1282 et
522 1239 597 1282 mare
615 1228 698 1282 sentit
715 1243 835 1281 amorem

150 1301 315 1356 Festinantis
331 1304 405 1371 heri;
422 1303 466 1358 cui
484 1303 508 1357 si
524 1303 621 1358 vitiosa
637 1303 722 1356 libido
970 1317 995 1356 ss

150 1376 259 1432 Fecerit
275 1379 431 1446 auspicium,
444 1379 536 1434 ⁴“Orras
553 1379 719 1432 ferramenta
736 1377 856 1432 Teanum

137 1452 269 1520 tolletis,
286 1453 379 1507 fabri.”
416 1454 517 1508 Lectus
534 1454 647 1522 genialis
663 1454 692 1506 in
709 1453 839 1522 sideest,

149 1527 197 1580 Nil
214 1529 253 1582 ait
270 1545 330 1582 csse
346 1528 429 1596 prius,
446 1529 543 1582 melius
560 1529 599 1581 nil
616 1527 719 1582 caelibe
736 1528 807 1592 vite;

149 1602 179 1656 Si
196 1619 249 1656 non
267 1607 311 1657 est
323 1603 401 1671 jurat
418 1603 487 1658 bene
505 1603 568 1657 solis
585 1619 646 1658 esse
663 1601 775 1656 maritis.

107 1731 112 1742 ,
150 1678 209 1742 Quo
226 1681 334 1732 teneam
351 1679 443 1732 vultus
460 1682 614 1732 mutantem
632 1678 733 1731 Protea
749 1676 839 1730 nodol
970 1693 993 1731 eo

149 1752 223 1817 Quid
239 1755 360 1822 paupert
396 1753 589 1808 Ride:·n1utat
606 1751 756 1820 coenacula,
773 1751 865 1820 lectos,
921 1757 927 1768 “

148 1828 257 1895 Balnea,
275 1832 406 1897 tonsores,
424 1829 558 1883 conducto
574 1829 682 1896 navigio
700 1843 786 1897 aequo

148 1902 175 1955 N
176 1908 271 1957 auseat
288 1920 320 1958 ac
336 1903 455 1972 locuples
472 1921 554 1974 quern
572 1905 648 1958 ducit
664 1903 742 1972 priva
758 1903 886 1958 triremis

148 1978 177 2030 Si
194 1982 304 2032 curatus
321 1979 455 2048 inaequali
472 1983 583 2033 tonsore
601 1979 712 2048 capillos
733 2029 734 2032 ,

148 2053 268 2121 Occurri,
285 2054 374 2119 ridcs;
391 2055 414 2107 si
430 2055 502 2108 forte
520 2054 650 2108 subucula
666 2069 753 2122 pexae
946 2070 952 2081 ³
971 2069 994 2109 ss

147 2127 224 2182 'l'rita
241 2129 335 2182 subest
352 2129 459 2183 tunicae
477 2130 520 2185 vel
538 2131 561 2183 si
578 2133 643 2198 toga
659 2129 774 2184 dissidet
790 2129 885 2198 impar,

148 2203 247 2256 Rides:
265 2204 338 2272 quid,
356 2221 418 2258 mes
434 2221 496 2259 cum
513 2209 617 2275 pugnet
634 2206 769 2260 sententia
786 2222 886 2272 secum,

148 2278 229 2343 Quod
246 2279 328 2346 petiit
345 2281 455 2348 spernit,
473 2281 575 2348 repetit
592 2281 666 2348 quod
683 2295 770 2347 nuper
786 2281 885 2347 omisit,

149 2355 268 2408 Aestuet
285 2359 314 2408 et
331 2355 404 2408 vitae
422 2355 591 2409 disconvenit
607 2354 701 2406 ordine
718 2357 785 2420 toto,

149 2427 247 2495 Diruit,
265 2429 399 2498 aedificat,
416 2433 514 2483 mutat'
524 2429 658 2498 quadrata
677 2429 820 2483 rotundisl
960 2445 993 2483 loo

149 2502 272 2558 insanire
284 2508 369 2572 putas
386 2504 526 2557 sollemnia
543 2520 588 2556 mo
604 2519 694 2572 neque
710 2503 793 2572 rides,
865 2523 866 2527 ¹

149 2577 207 2632 Nec
224 2579 322 2632 medici
339 2579 429 2633 credis
445 2595 495 2632 nec
512 2579 645 2641 curatoris
662 2593 743 2646 egere

149 2657 175 2706 A
192 2657 318 2722 praetore
336 2654 402 2722 dati,
419 2671 511 2713 rerum
528 2655 617 2709 tutela
633 2669 755 2707 mearum

149 2729 217 2782 (lum
235 2729 272 2781 sis
289 2733 318 2782 et
334 2745 416 2798 prave
433 2733 538 2784 sectum
555 2729 732 2784 stomacheris
751 2729 787 2782 ob
804 2745 922 2796 unguem

149 2801 190 2857 De
207 2807 238 2857 tc
254 2804 407 2872 pendentis,
424 2807 454 2858 te
471 2805 641 2874 respicientis
658 2803 744 2856 amici.
960 2818 993 2858 10⁵

149 2877 196 2932 Ad
211 2895 356 2932 summam:
375 2881 482 2948 sapiens
499 2897 554 2933 uno
570 2881 659 2932 minor
676 2883 719 2932 est
736 2877 755 2928 J
757 2893 813 2944 ove,
832 2877 916 2948 dives,

149 2951 239 3021 Liber,
255 2954 410 3024 honoratus,
427 2955 547 3022 pulcher,
564 2971 614 3006 rex
632 2953 750 3019 denique
767 2966 877 3017 regum;

150 3026 297 3097 Praecipue
314 3045 401 3094 senus,
419 3029 471 3080 nisi
490 3043 551 3080 eum
569 3026 672 3095 pituita
688 3024 802 3079 molesta
819 3029 869 3084 est.
