2288 3444
173 3271 189 3317 'i

394 213 597 264 OARMINUM
614 213 666 265 IV.
683 217 707 265 6.
946 213 978 260 75

263 292 424 350 Laudamur
441 293 521 360 simili
538 293 615 363 prole
631 309 789 364 puerperas,

297 368 412 438 Culpam
428 385 516 436 poena
532 369 633 437 premit
650 385 747 424 eomes.

263 443 330 509 Quis
339 443 585 512 Parthumpavoat,
595 444 656 512 quis
665 443 786 512 gelidum
800 443 928 513 Scythen,
950 457 977 498 as

263 519 330 583 Quis
348 518 494 572 Germania
511 534 578 586 quos
595 518 707 574 horrida
723 521 842 589 parturit

138 619 145 656 ·.
262 592 354 660 Fetus,
372 592 499 647 ineolumi
518 589 652 647 Caesarei
670 593 732 662 quis
748 594 823 648 ferae

296 668 404 722 Bellum
421 671 508 722 curet·
516 667 665 722 Hiberiae?

262 742 362 798 Condit
379 741 494 812 quisque
512 741 585 796 diem
602 742 714 797 collibus
731 743 760 797 in
777 743 835 798 suis

231 821 235 828 '
261 818 300 872 Et
315 817 399 872 vitem
416 817 512 872 viduas
530 817 605 872 ducit
622 818 658 872 ad
675 818 803 884 arbores3
946 835 971 876 ιι

261 892 335 948 Hinc
351 891 388 946 ad
404 891 467 945 vina
483 891 558 948 redit
574 891 663 947 laetus
680 896 709 947 et
726 893 820 948 alteris

295 967 333 1021 Te
349 967 450 1028 mensis
467 966 581 1020 adhibet
598 967 696 1033 doum;

260 1041 299 1096 'fe
315 1041 402 1096 multa
418 1058 507 1111 preco,
525 1045 554 1095 ts
571 1042 745 1112 prosequitur
761 1059 836 1097 mero
945 1055 947 1060 '

261 1117 364 1170 Defuso
381 1117 484 1185 pateris
501 1119 531 1170 et
549 1116 664 1170 Laribus
680 1121 759 1172 tuum
910 1119 915 1128 '

260 1191 359 1246 Miscet
375 1207 483 1259 numen,
501 1190 543 1245 uti
561 1184 681 1258 Graecia
701 1191 822 1248 Castoris
951 1207 974 1247 ιι

294 1266 331 1319 Et
319 1265 440 1334 tmagni
457 1281 561 1320 memor
579 1265 713 1320 Herculis.

148 1373 154 1404 ,v
259 1339 366 1418 Longas
382 1357 399 1394 o
415 1339 528 1408 utinam,
547 1341 603 1394 dux
620 1339 697 1411 bono,
714 1341 796 1396 ferias

259 1403 386 1469 Praestos
404 1381 569 1484 Hesperides!
590 1416 762 1472 dicimust
721 1434 749 1470 ru
750 1421 828 1486 tegro

258 1489 328 1544 Sinai
345 1505 424 1543 mane
441 1490 495 1558 die,
513 1490 628 1544 dicimus
644 1492 720 1546 uvidi

293 1564 362 1618 Cum
379 1564 426 1619 Sol
444 1564 551 1619 Oceano
568 1564 670 1620 subest.

522 1704 574 1760 VI.

258 1787 341 1856 Drvn,
359 1804 441 1858 quem
458 1788 547 1857 proles
565 1787 671 1842 Niobea
687 1802 801 1858 magum

257 1863 401 1918 Vindioem
417 1863 526 1932 linguae
545 1863 691 1932 Tityosque
707 1867 801 1932 raptor

258 1937 351 1992 Sensit
367 1941 397 1992 et
415 1937 512 2006 Trojae
529 1954 615 2008 prope
631 1938 718 1992 victor
734 1938 806 1991 altae

293 2013 408 2066 Phthius
427 2013 556 2082 Achilles,
624 2050 627 2054 -

257 2086 363 2141 Ceteris
379 2086 474 2155 major,
492 2087 544 2141 tibi
561 2087 639 2142 miles
656 2087 751 2175 impar,
952 2099 966 2143 Ι

257 2161 343 2216 Filius
361 2161 483 2230 quamvis
501 2161 624 2216 Thetidis
640 2163 760 2216 marinae

256 2235 399 2290 Dardanas
416 2239 506 2290 turres
517 2239 644 2306 quateret
661 2237 805 2327 tremenda

292 2311 413 2379 Cuspide
430 2326 547 2379 pugnax
603 2327 606 2333 ·

259 2385 319 2454 lile,
337 2383 456 2439 mordaci
474 2387 549 2440 velut
566 2388 621 2440 iota
638 2385 711 2440 ferro

256 2459 404 2514 Pinust
356 2464 404 2514 aut
420 2461 536 2528 impulsa
552 2476 695 2528 cupressus
714 2459 794 2526 Euro,
943 2475 965 2516 ro

158 2553 162 2585 ·.
256 2534 378 2589 Prooidit
395 2535 451 2588 lato
468 2535 613 2604 posuitque
630 2533 728 2588 collum
744 2533 773 2586 in

292 2609 407 2664 Pulvere
425 2609 535 2665 uenero.

255 2683 308 2738 Ille
324 2700 378 2737 non
395 2685 513 2738 inclusus
530 2700 600 2754 equo
618 2683 759 2740 Minervae

255 2759 337 2828 Sacra
353 2759 469 2813 mentito
487 2760 557 2813 mals
574 2760 686 2814 feriatos

254 2832 338 2887 'i'roas
355 2837 384 2886 et
401 2833 501 2888 laetam
519 2834 621 2888 Priami
637 2834 741 2888 chorais
940 2847 963 2888 ιι

288 2907 408 2962 Falleret
425 2909 529 2972 aulam3
635 2973 639 2980 ι

254 2981 311 3036 Sed
326 2979 519 3050 pulam'oaptis
535 2981 633 3048 grans,
650 2981 705 3032 hen
721 2979 798 3034 nefas
814 2978 876 3046 hoo,

254 3056 281 3110 N
283 3057 369 3110 ascios
385 3056 438 3108 fari
454 3069 554 3122 pueros
572 3053 684 3105 thiris

240 3130 359 3197 Ureret,
373 3129 496 3193 flammis,
514 3127 598 3179 etiam
614 3124 747 3178 latentem
763 3157 766 3162 ,

288 3204 387 3258 Matris
404 3203 433 3255 in
453 3201 520 3267 adro,
939 3207 962 3246 Ν

974 3335 978 3346 ’
1051 3331 1134 3418 Δ
