2268 3448
172 126 206 172 56

426 127 580 178 HORATII
596 128 726 180 rethom

245 245 246 248 =
290 209 378 266 Unico
393 209 515 279 gaudens
532 209 630 263 mulier
645 209 745 264 marito

290 284 410 339 Prodest
422 285 506 354 justis
523 289 634 352 operata
650 285 740 346 sarria

291 360 329 414 Et
346 376 422 414 soror
438 358 504 412 olari
522 358 598 412 ducis
616 361 646 412 et
663 358 778 411 decorae

326 433 451 503 Supplice
468 433 538 486 vitta

292 508 436 576 Virginum
453 511 555 560 matres
568 506 754 575 juvenumque
770 522 860 574 nuper

292 582 436 650 Sospitam.
472 582 536 648 Vos,
554 598 571 635 o
588 581 667 651 pueri
684 585 714 634 et
730 581 836 649 puellae

291 655 356 710 «lam
373 656 461 710 virum
478 661 614 724 expertae,
630 655 701 709 male
717 655 843 710 eminetis

327 731 434 784 Parcite
451 731 549 786 verbis.

293 805 348 859 Hic
365 805 424 860 dies
440 822 504 860 vere
521 805 586 858 mihi
603 806 689 860 festus
707 809 781 859 atras

292 879 402 936 Eximat
418 897 510 946 ouras;
527 897 578 947 ego
595 896 645 934 nee
661 881 809 934 tumultum

292 954 352 1010 Nec
369 955 437 1008 mori
454 971 503 1023 per
520 955 574 1007 rim
591 958 711 1008 metuam
729 958 841 1008 tenente

327 1030 443 1084 Caesare
459 1035 553 1084 terras.

294 1104 389 1173 Ipete
406 1105 581 1172 unguentum,
599 1119 674 1172 puer,
693 1107 722 1158 ot
739 1119 850 1158 coronas
905 1139 908 1146 ι

293 1179 330 1232 Et
346 1179 444 1232 cadum
461 1180 546 1232 Marsi
563 1195 711 1232 memorem
729 1177 820 1244 duelli,

293 1253 450 1321 Spartacum
468 1255 491 1307 si
508 1269 562 1322 qua
578 1253 668 1322 potuit
685 1257 827 1320 vagantem

328 1327 434 1380 Fallere
451 1329 530 1382 testa
565 1369 567 1376 .

293 1398 345 1454 Ilio
362 1404 391 1454 et
407 1404 520 1468 argutae
537 1404 666 1470 properet
683 1401 806 1454 Neaerae

292 1473 453 1528 Murrheum
469 1475 542 1528 nodo
559 1476 686 1529 oohibere
704 1475 819 1542 crinem

293 1549 322 1602 Si
339 1566 389 1618 pcr
404 1549 521 1603 invisum
537 1565 613 1604 mora
626 1549 774 1618 janitorem

327 1623 397 1690 Fiet,
414 1623 496 1680 abito.

292 1696 373 1752 Lenit
389 1698 527 1753 albescens
544 1699 647 1754 animm
664 1699 776 1767 capillus

292 1769 395 1824 Litium
412 1775 441 1825 et
457 1774 533 1827 rixae
550 1775 663 1844 cupidos
679 1778 838 1841 protervam

198 1899 204 1906 ,
292 1845 354 1898 Non
372 1861 422 1912 ego
439 1847 490 1900 hoc
507 1848 606 1904 ferrem
624 1848 729 1904 calidus
742 1847 858 1917 juventa

328 1919 443 1974 Consule
462 1921 567 1978 Planco.

300 2143 380 2198 Uxon
391 2143 517 2212 pauperis
535 2145 618 2214 Ibyci,
636 2177 638 2184 =

327 2217 447 2271 Tandem
463 2219 602 2286 nequitiae
619 2220 673 2288 fige
690 2220 800 2275 morium
818 2225 883 2276 tuae

293 2289 468 2360 Pomosisque
485 2293 634 2348 laboribus:
961 2299 963 2304 '

327 2365 436 2419 Maturo
453 2367 563 2434 propior
580 2368 675 2422 desine
691 2369 780 2422 funeri

195 2459 198 2466 ¹
293 2436 482 2494 interludere
499 2442 618 2509 virgines

328 2513 364 2566 Jst
381 2515 466 2568 stellis
483 2516 610 2570 nebulam
628 2534 756 2588 spargere
773 2517 903 2572 candidis.

292 2585 356 2639 Non
373 2587 395 2639 si
413 2588 480 2654 quid
498 2589 617 2644 Pholoen
636 2593 702 2646 satis

327 2659 364 2714 Et
380 2662 417 2725 te,
436 2661 534 2728 Chlori,
553 2662 645 2719 decet:
663 2667 719 2718 iilia
736 2667 836 2720 rectius

293 2729 438 2798 Expugnat
451 2733 583 2798 juvenum
601 2737 700 2801 domos,

327 2803 409 2856 Pulso
427 2806 524 2872 Thyias
541 2807 583 2860 uti
601 2811 704 2862 concita
721 2817 855 2878 timpum.

195 2898 198 2903 ·
293 2873 373 2928 Illam
390 2879 463 2944 cogit
479 2895 556 2932 amor
573 2880 659 2934 Nothi

311 2944 453 3004 'Lascivae
471 2953 587 3006 similem
604 2955 700 3015 ludere
717 2973 844 3024 capreae:

292 3017 331 3072 Το
348 3022 425 3076 lanae
441 3041 524 3092 prope
541 3027 659 3078 nobilem

327 3091 429 3146 'fonsae
447 3097 598 3164 Luceriam,
615 3115 669 3152 non
685 3100 805 3154 citharae
823 3105 932 3176 decent,
