<?xml version="1.0" encoding="UTF-8"?>
<!DOCTYPE html PUBLIC "-//W3C//DTD XHTML 1.0 Transitional//EN"
    "http://www.w3.org/TR/xhtml1/DTD/xhtml1-transitional.dtd">
<html xmlns="http://www.w3.org/1999/xhtml" xml:lang="en" lang="en">
 <head>
  <title>
</title>
<meta http-equiv="Content-Type" content="text/html;charset=utf-8" />
  <meta name='ocr-system' content='tesseract 3.04.00' />
  <meta name='ocr-capabilities' content='ocr_page ocr_carea ocr_par ocr_line ocrx_word'/>
</head>
<body>
  <div class='ocr_page' id='page_1' title='image "./operaomniaexrec00horagoog_0215.png"; bbox 0 0 2276 3448; ppageno 0'>
   <div class='ocr_carea' id='block_1_1' title="bbox 150 173 723 225">
    <p class='ocr_par' dir='ltr' id='par_1_1' title="bbox 150 173 723 225">
     <span class='ocr_line' id='line_1_1' title="bbox 150 173 723 225; baseline -0.003 -1"><span class='ocrx_word' id='word_1_1' title='bbox 150 178 198 225; x_wconf 79' lang='lat'><strong>202</strong></span> <span class='ocrx_word' id='word_1_2' title='bbox 421 173 575 222; x_wconf 84' lang='lat' dir='ltr'><strong>HORATII</strong></span> <span class='ocrx_word' id='word_1_3' title='bbox 594 173 723 222; x_wconf 81' lang='lat' dir='ltr'>FLACCI</span> 
     </span>
    </p>
   </div>
   <div class='ocr_carea' id='block_1_2' title="bbox 129 245 999 2184">
    <p class='ocr_par' dir='ltr' id='par_1_2' title="bbox 148 245 760 308">
     <span class='ocr_line' id='line_1_2' title="bbox 148 245 760 308; baseline -0.002 0"><span class='ocrx_word' id='word_1_4' title='bbox 148 254 178 308; x_wconf 85' lang='lat' dir='ltr'><strong>si</strong></span> <span class='ocrx_word' id='word_1_5' title='bbox 195 253 313 308; x_wconf 87' lang='lat' dir='ltr'><strong>dicentis</strong></span> <span class='ocrx_word' id='word_1_6' title='bbox 330 256 411 306; x_wconf 89' lang='lat' dir='ltr'><strong>crunt</strong></span> <span class='ocrx_word' id='word_1_7' title='bbox 429 251 546 306; x_wconf 85' lang='lat' dir='ltr'><strong>fortunis</strong></span> <span class='ocrx_word' id='word_1_8' title='bbox 566 252 668 305; x_wconf 85' lang='lat' dir='ltr'><strong>absona</strong></span> <span class='ocrx_word' id='word_1_9' title='bbox 685 245 760 307; x_wconf 80' lang='lat' dir='ltr'><strong>dicta</strong></span> 
     </span>
    </p>

    <p class='ocr_par' dir='ltr' id='par_1_3' title="bbox 140 321 988 998">
     <span class='ocr_line' id='line_1_3' title="bbox 147 321 871 397; baseline 0.001 -14"><span class='ocrx_word' id='word_1_10' title='bbox 147 329 263 384; x_wconf 85' lang='lat' dir='ltr'><strong>Romani</strong></span> <span class='ocrx_word' id='word_1_11' title='bbox 281 329 379 383; x_wconf 87' lang='lat' dir='ltr'><strong>tollent</strong></span> <span class='ocrx_word' id='word_1_12' title='bbox 398 321 515 397; x_wconf 87' lang='lat' dir='ltr'><strong>equites&#39;</strong></span> <span class='ocrx_word' id='word_1_13' title='bbox 523 328 688 397; x_wconf 87' lang='lat' dir='ltr'><strong>peditesque</strong></span> <span class='ocrx_word' id='word_1_14' title='bbox 704 327 871 384; x_wconf 80' lang='lat' dir='ltr'><strong>cachinnum.</strong></span> 
     </span>
     <span class='ocr_line' id='line_1_4' title="bbox 140 400 853 478; baseline -0.003 -20"><span class='ocrx_word' id='word_1_15' title='bbox 140 403 282 478; x_wconf 61' lang='lat' dir='ltr'><strong>vIntererit</strong></span> <span class='ocrx_word' id='word_1_16' title='bbox 299 404 416 458; x_wconf 89' lang='lat' dir='ltr'><strong>multum</strong></span> <span class='ocrx_word' id='word_1_17' title='bbox 434 403 548 470; x_wconf 67' lang='lat' dir='ltr'><strong>divesne</strong></span> <span class='ocrx_word' id='word_1_18' title='bbox 565 403 693 471; x_wconf 87' lang='lat' dir='ltr'><strong>loquatur</strong></span> <span class='ocrx_word' id='word_1_19' title='bbox 710 419 745 457; x_wconf 87' lang='lat' dir='ltr'><strong>an</strong></span> <span class='ocrx_word' id='word_1_20' title='bbox 764 400 853 470; x_wconf 90' lang='lat' dir='ltr'><strong>heros,</strong></span> 
     </span>
     <span class='ocr_line' id='line_1_5' title="bbox 148 472 835 546; baseline -0.003 -12"><span class='ocrx_word' id='word_1_21' title='bbox 148 479 310 534; x_wconf 83' lang='lat' dir='ltr'><strong>Maturusne</strong></span> <span class='ocrx_word' id='word_1_22' title='bbox 328 495 411 533; x_wconf 84' lang='lat' dir='ltr'><strong>senex</strong></span> <span class='ocrx_word' id='word_1_23' title='bbox 429 495 463 532; x_wconf 91' lang='lat' dir='ltr'><strong>an</strong></span> <span class='ocrx_word' id='word_1_24' title='bbox 481 475 573 534; x_wconf 77' lang='lat' dir='ltr'><strong>adhuc</strong></span> <span class='ocrx_word' id='word_1_25' title='bbox 589 479 705 533; x_wconf 85' lang='lat' dir='ltr'><strong>florente</strong></span> <span class='ocrx_word' id='word_1_26' title='bbox 717 472 835 546; x_wconf 83' lang='lat' dir='ltr'><strong>juventa</strong></span> 
     </span>
     <span class='ocr_line' id='line_1_6' title="bbox 149 551 877 622; baseline -0.004 -14"><span class='ocrx_word' id='word_1_27' title='bbox 149 553 291 621; x_wconf 81' lang='lat' dir='ltr'><strong>Ferridus,</strong></span> <span class='ocrx_word' id='word_1_28' title='bbox 310 557 339 608; x_wconf 88' lang='lat' dir='ltr'><strong>et</strong></span> <span class='ocrx_word' id='word_1_29' title='bbox 356 557 480 608; x_wconf 84' lang='lat' dir='ltr'><strong>matrona</strong></span> <span class='ocrx_word' id='word_1_30' title='bbox 497 557 595 622; x_wconf 89' lang='lat' dir='ltr'><strong>potens</strong></span> <span class='ocrx_word' id='word_1_31' title='bbox 612 568 647 607; x_wconf 87' lang='lat' dir='ltr'><strong>an</strong></span> <span class='ocrx_word' id='word_1_32' title='bbox 665 553 760 608; x_wconf 77' lang='lat' dir='ltr'><strong>sedule</strong></span> <span class='ocrx_word' id='word_1_33' title='bbox 775 551 877 618; x_wconf 85' lang='lat' dir='ltr'><strong>nutrix,</strong></span> 
     </span>
     <span class='ocr_line' id='line_1_7' title="bbox 149 627 803 704; baseline -0.003 -21"><span class='ocrx_word' id='word_1_34' title='bbox 149 629 324 704; x_wconf 84' lang='lat' dir='ltr'><strong>Mercatorne</strong></span> <span class='ocrx_word' id='word_1_35' title='bbox 341 645 425 697; x_wconf 79' lang='lat' dir='ltr'><strong>vagus</strong></span> <span class='ocrx_word' id='word_1_36' title='bbox 442 628 566 683; x_wconf 73' lang='lat' dir='ltr'>cultorne</span> <span class='ocrx_word' id='word_1_37' title='bbox 582 627 698 682; x_wconf 83' lang='lat' dir='ltr'><strong>virentis</strong></span> <span class='ocrx_word' id='word_1_38' title='bbox 714 627 803 695; x_wconf 78' lang='lat' dir='ltr'><strong>agolli,</strong></span> 
     </span>
     <span class='ocr_line' id='line_1_8' title="bbox 150 701 895 773; baseline -0.003 -15"><span class='ocrx_word' id='word_1_39' title='bbox 150 704 267 759; x_wconf 80' lang='lat' dir='ltr'><strong>Colchus</strong></span> <span class='ocrx_word' id='word_1_40' title='bbox 285 721 320 758; x_wconf 88' lang='lat' dir='ltr'><strong>an</strong></span> <span class='ocrx_word' id='word_1_41' title='bbox 338 702 473 773; x_wconf 84' lang='lat' dir='ltr'><strong>Assyrius,</strong></span> <span class='ocrx_word' id='word_1_42' title='bbox 492 703 592 758; x_wconf 82' lang='lat' dir='ltr'><strong>&#39;lhebis</strong></span> <span class='ocrx_word' id='word_1_43' title='bbox 609 701 731 757; x_wconf 89' lang='lat' dir='ltr'><strong>nutritus</strong></span> <span class='ocrx_word' id='word_1_44' title='bbox 749 719 785 756; x_wconf 86' lang='lat' dir='ltr'><strong>an</strong></span> <span class='ocrx_word' id='word_1_45' title='bbox 803 702 895 771; x_wconf 84' lang='lat' dir='ltr'><strong>Argis.</strong></span> 
     </span>
     <span class='ocr_line' id='line_1_9' title="bbox 150 776 895 848; baseline -0.003 -16"><span class='ocrx_word' id='word_1_46' title='bbox 150 782 211 834; x_wconf 88' lang='lat' dir='ltr'><strong>Aut</strong></span> <span class='ocrx_word' id='word_1_47' title='bbox 226 781 326 833; x_wconf 84' lang='lat' dir='ltr'><strong>famam</strong></span> <span class='ocrx_word' id='word_1_48' title='bbox 344 795 458 848; x_wconf 82' lang='lat' dir='ltr'><strong>sequere</strong></span> <span class='ocrx_word' id='word_1_49' title='bbox 475 783 524 833; x_wconf 84' lang='lat' dir='ltr'><strong>aut</strong></span> <span class='ocrx_word' id='word_1_50' title='bbox 542 779 594 832; x_wconf 88' lang='lat' dir='ltr'><strong>sibi</strong></span> <span class='ocrx_word' id='word_1_51' title='bbox 611 776 798 832; x_wconf 84' lang='lat' dir='ltr'><strong>convenientia</strong></span> <span class='ocrx_word' id='word_1_52' title='bbox 815 778 895 846; x_wconf 86' lang='lat' dir='ltr'><strong>finge.</strong></span> 
     </span>
     <span class='ocr_line' id='line_1_10' title="bbox 150 853 988 923; baseline -0.005 -14"><span class='ocrx_word' id='word_1_53' title='bbox 150 854 272 923; x_wconf 86' lang='lat' dir='ltr'><strong>Scriptor</strong></span> <span class='ocrx_word' id='word_1_54' title='bbox 288 855 450 910; x_wconf 88' lang='lat' dir='ltr'><strong>honoratum</strong></span> <span class='ocrx_word' id='word_1_55' title='bbox 468 855 491 908; x_wconf 86' lang='lat' dir='ltr'><strong>si</strong></span> <span class='ocrx_word' id='word_1_56' title='bbox 508 855 580 908; x_wconf 85' lang='lat' dir='ltr'><strong>forte</strong></span> <span class='ocrx_word' id='word_1_57' title='bbox 597 853 705 922; x_wconf 83' lang='lat' dir='ltr'><strong>reponis</strong></span> <span class='ocrx_word' id='word_1_58' title='bbox 724 853 868 922; x_wconf 83' lang='lat' dir='ltr'><strong>Achillem,</strong></span> <span class='ocrx_word' id='word_1_59' title='bbox 978 893 988 905; x_wconf 89' lang='lat'><em>.</em></span> 
     </span>
     <span class='ocr_line' id='line_1_11' title="bbox 151 928 737 998; baseline 0 -16"><span class='ocrx_word' id='word_1_60' title='bbox 151 929 280 998; x_wconf 82' lang='lat' dir='ltr'><strong>Impiger,</strong></span> <span class='ocrx_word' id='word_1_61' title='bbox 297 928 449 998; x_wconf 85' lang='lat' dir='ltr'><strong>iracundus,</strong></span> <span class='ocrx_word' id='word_1_62' title='bbox 467 929 649 996; x_wconf 86' lang='lat' dir='ltr'><strong>inexorabilis,</strong></span> <span class='ocrx_word' id='word_1_63' title='bbox 667 945 737 997; x_wconf 88' lang='lat' dir='ltr'><strong>acer,</strong></span> 
     </span>
    </p>

    <p class='ocr_par' dir='ltr' id='par_1_4' title="bbox 150 1004 869 1148">
     <span class='ocr_line' id='line_1_12' title="bbox 150 1004 869 1074; baseline 0.001 -17"><span class='ocrx_word' id='word_1_64' title='bbox 150 1005 170 1057; x_wconf 87' lang='lat' dir='ltr'><strong>J</strong></span> <span class='ocrx_word' id='word_1_65' title='bbox 172 1022 221 1058; x_wconf 84' lang='lat' dir='ltr'><strong>ura</strong></span> <span class='ocrx_word' id='word_1_66' title='bbox 237 1009 321 1074; x_wconf 76' lang='lat' dir='ltr'><strong>neget</strong></span> <span class='ocrx_word' id='word_1_67' title='bbox 338 1005 389 1059; x_wconf 93' lang='lat' dir='ltr'><strong>sibi</strong></span> <span class='ocrx_word' id='word_1_68' title='bbox 406 1009 479 1071; x_wconf 83' lang='lat' dir='ltr'><strong>nata,</strong></span> <span class='ocrx_word' id='word_1_69' title='bbox 496 1005 564 1058; x_wconf 87' lang='lat' dir='ltr'><strong>nihil</strong></span> <span class='ocrx_word' id='word_1_70' title='bbox 582 1021 635 1058; x_wconf 89' lang='lat' dir='ltr'><strong>non</strong></span> <span class='ocrx_word' id='word_1_71' title='bbox 652 1006 763 1072; x_wconf 83' lang='lat' dir='ltr'><strong>arroget</strong></span> <span class='ocrx_word' id='word_1_72' title='bbox 779 1004 869 1058; x_wconf 83' lang='lat' dir='ltr'><strong>armis</strong></span> 
     </span>
     <span class='ocr_line' id='line_1_13' title="bbox 151 1078 778 1148; baseline 0.002 -16"><span class='ocrx_word' id='word_1_73' title='bbox 151 1080 194 1134; x_wconf 82' lang='lat' dir='ltr'><strong>Sit</strong></span> <span class='ocrx_word' id='word_1_74' title='bbox 212 1081 312 1136; x_wconf 87' lang='lat' dir='ltr'><strong>Medea</strong></span> <span class='ocrx_word' id='word_1_75' title='bbox 328 1081 405 1135; x_wconf 78' lang='lat' dir='ltr'><strong>ferox</strong></span> <span class='ocrx_word' id='word_1_76' title='bbox 423 1080 584 1148; x_wconf 81' lang='lat' dir='ltr'><strong>invictaque,</strong></span> <span class='ocrx_word' id='word_1_77' title='bbox 602 1078 701 1133; x_wconf 88' lang='lat' dir='ltr'><strong>flebilis</strong></span> <span class='ocrx_word' id='word_1_78' title='bbox 719 1080 778 1147; x_wconf 89' lang='lat' dir='ltr'><strong>Ino,</strong></span> 
     </span>
    </p>

    <p class='ocr_par' dir='ltr' id='par_1_5' title="bbox 129 1153 772 1224">
     <span class='ocr_line' id='line_1_14' title="bbox 129 1153 772 1224; baseline 0 -16"><span class='ocrx_word' id='word_1_79' title='bbox 129 1203 136 1216; x_wconf 91' lang='grc'><em>,</em></span> <span class='ocrx_word' id='word_1_80' title='bbox 153 1155 278 1210; x_wconf 85' lang='lat' dir='ltr'><strong>Perfidus</strong></span> <span class='ocrx_word' id='word_1_81' title='bbox 297 1156 383 1224; x_wconf 80' lang='lat' dir='ltr'><strong>Ixion,</strong></span> <span class='ocrx_word' id='word_1_82' title='bbox 402 1156 435 1209; x_wconf 93' lang='lat' dir='ltr'><strong>Io</strong></span> <span class='ocrx_word' id='word_1_83' title='bbox 451 1171 527 1223; x_wconf 82' lang='lat' dir='ltr'><strong>vage,</strong></span> <span class='ocrx_word' id='word_1_84' title='bbox 544 1153 633 1208; x_wconf 82' lang='lat' dir='ltr'><strong>tristis</strong></span> <span class='ocrx_word' id='word_1_85' title='bbox 651 1154 772 1209; x_wconf 79' lang='lat' dir='ltr'><strong>Orestes.</strong></span> 
     </span>
    </p>

    <p class='ocr_par' dir='ltr' id='par_1_6' title="bbox 137 1230 899 1750">
     <span class='ocr_line' id='line_1_15' title="bbox 137 1230 881 1299; baseline 0.004 -17"><span class='ocrx_word' id='word_1_86' title='bbox 137 1230 181 1282; x_wconf 58' lang='lat' dir='ltr'><strong>&lt;Si</strong></span> <span class='ocrx_word' id='word_1_87' title='bbox 198 1231 264 1299; x_wconf 89' lang='lat' dir='ltr'><strong>quid</strong></span> <span class='ocrx_word' id='word_1_88' title='bbox 281 1232 454 1299; x_wconf 80' lang='lat' dir='ltr'><strong>inexpertum</strong></span> <span class='ocrx_word' id='word_1_89' title='bbox 472 1246 568 1284; x_wconf 75' lang='lat' dir='ltr'><strong>scenae</strong></span> <span class='ocrx_word' id='word_1_90' title='bbox 584 1230 732 1284; x_wconf 89' lang='lat' dir='ltr'><strong>committis</strong></span> <span class='ocrx_word' id='word_1_91' title='bbox 749 1234 779 1284; x_wconf 89' lang='lat' dir='ltr'><strong>et</strong></span> <span class='ocrx_word' id='word_1_92' title='bbox 796 1230 881 1285; x_wconf 87' lang='lat' dir='ltr'><strong>audes</strong></span> 
     </span>
     <span class='ocr_line' id='line_1_16' title="bbox 152 1305 853 1372; baseline 0 -14"><span class='ocrx_word' id='word_1_93' title='bbox 152 1305 299 1359; x_wconf 83' lang='lat' dir='ltr'><strong>Personam</strong></span> <span class='ocrx_word' id='word_1_94' title='bbox 315 1307 433 1360; x_wconf 80' lang='lat' dir='ltr'><strong>formare</strong></span> <span class='ocrx_word' id='word_1_95' title='bbox 449 1321 554 1372; x_wconf 82' lang='lat' dir='ltr'><strong>novam,</strong></span> <span class='ocrx_word' id='word_1_96' title='bbox 573 1308 698 1359; x_wconf 82' lang='lat' dir='ltr'><strong>servetur</strong></span> <span class='ocrx_word' id='word_1_97' title='bbox 714 1305 752 1358; x_wconf 89' lang='lat' dir='ltr'><strong>ad</strong></span> <span class='ocrx_word' id='word_1_98' title='bbox 769 1306 853 1358; x_wconf 88' lang='lat' dir='ltr'><strong>imum</strong></span> 
     </span>
     <span class='ocr_line' id='line_1_17' title="bbox 152 1379 857 1449; baseline 0.001 -17"><span class='ocrx_word' id='word_1_99' title='bbox 152 1379 245 1442; x_wconf 83' lang='lat' dir='ltr'><strong>Qualis</strong></span> <span class='ocrx_word' id='word_1_100' title='bbox 262 1381 297 1434; x_wconf 91' lang='lat' dir='ltr'><strong>ab</strong></span> <span class='ocrx_word' id='word_1_101' title='bbox 314 1381 423 1449; x_wconf 88' lang='lat' dir='ltr'><strong>incepto</strong></span> <span class='ocrx_word' id='word_1_102' title='bbox 440 1380 610 1449; x_wconf 87' lang='lat' dir='ltr'><strong>processerit,</strong></span> <span class='ocrx_word' id='word_1_103' title='bbox 627 1383 658 1434; x_wconf 88' lang='lat' dir='ltr'><strong>et</strong></span> <span class='ocrx_word' id='word_1_104' title='bbox 675 1379 727 1433; x_wconf 90' lang='lat' dir='ltr'><strong>sibi</strong></span> <span class='ocrx_word' id='word_1_105' title='bbox 744 1383 857 1434; x_wconf 86' lang='lat' dir='ltr'><strong>constet</strong></span> 
     </span>
     <span class='ocr_line' id='line_1_18' title="bbox 152 1454 850 1524; baseline 0.003 -18"><span class='ocrx_word' id='word_1_106' title='bbox 152 1454 267 1510; x_wconf 87' lang='lat' dir='ltr'><strong>Difficile</strong></span> <span class='ocrx_word' id='word_1_107' title='bbox 284 1459 327 1510; x_wconf 88' lang='lat' dir='ltr'><strong>est</strong></span> <span class='ocrx_word' id='word_1_108' title='bbox 343 1455 453 1524; x_wconf 89' lang='lat' dir='ltr'><strong>proprie</strong></span> <span class='ocrx_word' id='word_1_109' title='bbox 470 1455 624 1509; x_wconf 88' lang='lat' dir='ltr'><strong>communia</strong></span> <span class='ocrx_word' id='word_1_110' title='bbox 641 1455 747 1520; x_wconf 87' lang='lat' dir='ltr'><strong>diocre;</strong></span> <span class='ocrx_word' id='word_1_111' title='bbox 764 1459 850 1523; x_wconf 78' lang='lat' dir='ltr'><strong>tuque</strong></span> 
     </span>
     <span class='ocr_line' id='line_1_19' title="bbox 152 1529 899 1596; baseline 0 -13"><span class='ocrx_word' id='word_1_112' title='bbox 152 1529 265 1584; x_wconf 85' lang='lat' dir='ltr'><strong>Rectius</strong></span> <span class='ocrx_word' id='word_1_113' title='bbox 284 1531 398 1585; x_wconf 86' lang='lat' dir='ltr'><strong>Iliacum</strong></span> <span class='ocrx_word' id='word_1_114' title='bbox 415 1547 522 1585; x_wconf 79' lang='lat' dir='ltr'><strong>cannen</strong></span> <span class='ocrx_word' id='word_1_115' title='bbox 541 1530 654 1584; x_wconf 84' lang='lat' dir='ltr'><strong>deducis</strong></span> <span class='ocrx_word' id='word_1_116' title='bbox 671 1529 700 1583; x_wconf 93' lang='lat' dir='ltr'><strong>in</strong></span> <span class='ocrx_word' id='word_1_117' title='bbox 717 1533 802 1596; x_wconf 86' lang='lat' dir='ltr'><strong>octus,</strong></span> <span class='ocrx_word' id='word_1_118' title='bbox 897 1567 899 1572; x_wconf 87' lang='lat'>-</span> 
     </span>
     <span class='ocr_line' id='line_1_20' title="bbox 152 1604 847 1675; baseline -0.001 -15"><span class='ocrx_word' id='word_1_119' title='bbox 152 1605 240 1668; x_wconf 80' lang='lat' dir='ltr'><strong>Quam</strong></span> <span class='ocrx_word' id='word_1_120' title='bbox 258 1606 281 1660; x_wconf 86' lang='lat' dir='ltr'><strong>si</strong></span> <span class='ocrx_word' id='word_1_121' title='bbox 298 1607 435 1675; x_wconf 80' lang='lat' dir='ltr'><strong>proferres</strong></span> <span class='ocrx_word' id='word_1_122' title='bbox 451 1607 545 1673; x_wconf 79' lang='lat' dir='ltr'><strong>ignota</strong></span> <span class='ocrx_word' id='word_1_123' title='bbox 561 1605 720 1674; x_wconf 85' lang='lat' dir='ltr'><strong>indictaque</strong></span> <span class='ocrx_word' id='word_1_124' title='bbox 736 1604 847 1673; x_wconf 84' lang='lat' dir='ltr'><strong>primus.</strong></span> 
     </span>
     <span class='ocr_line' id='line_1_21' title="bbox 153 1668 732 1750; baseline -0.003 -16"><span class='ocrx_word' id='word_1_125' title='bbox 153 1680 264 1735; x_wconf 75' lang='lat' dir='ltr'><strong>rubrica</strong></span> <span class='ocrx_word' id='word_1_126' title='bbox 281 1668 410 1736; x_wconf 70' lang='lat' dir='ltr'><strong>usioses</strong></span> <span class='ocrx_word' id='word_1_127' title='bbox 426 1681 527 1750; x_wconf 80' lang='lat' dir='ltr'><strong>privari</strong></span> <span class='ocrx_word' id='word_1_128' title='bbox 540 1679 612 1748; x_wconf 71' lang='lat' dir='ltr'><strong>juro</strong></span> <span class='ocrx_word' id='word_1_129' title='bbox 630 1681 691 1747; x_wconf 71' lang='lat' dir='ltr'><strong>eur,</strong></span> <span class='ocrx_word' id='word_1_130' title='bbox 709 1680 732 1734; x_wconf 77' lang='lat' dir='ltr'><strong>sr</strong></span> 
     </span>
    </p>

    <p class='ocr_par' dir='ltr' id='par_1_7' title="bbox 152 1754 999 2184">
     <span class='ocr_line' id='line_1_22' title="bbox 152 1754 881 1824; baseline 0.003 -16"><span class='ocrx_word' id='word_1_131' title='bbox 152 1756 179 1808; x_wconf 91' lang='lat' dir='ltr'>N</span> <span class='ocrx_word' id='word_1_132' title='bbox 180 1772 215 1810; x_wconf 91' lang='lat' dir='ltr'><strong>cn</strong></span> <span class='ocrx_word' id='word_1_133' title='bbox 233 1757 303 1814; x_wconf 85' lang='lat' dir='ltr'><strong>circa</strong></span> <span class='ocrx_word' id='word_1_134' title='bbox 319 1757 401 1810; x_wconf 87' lang='lat' dir='ltr'><strong>vilem</strong></span> <span class='ocrx_word' id='word_1_135' title='bbox 419 1757 596 1824; x_wconf 87' lang='lat' dir='ltr'><strong>patulumque</strong></span> <span class='ocrx_word' id='word_1_136' title='bbox 613 1754 762 1809; x_wconf 86' lang='lat' dir='ltr'><strong>moraberis</strong></span> <span class='ocrx_word' id='word_1_137' title='bbox 780 1755 881 1824; x_wconf 88' lang='lat' dir='ltr'><strong>orbem,</strong></span> 
     </span>
     <span class='ocr_line' id='line_1_23' title="bbox 153 1829 792 1903; baseline -0.002 -20"><span class='ocrx_word' id='word_1_138' title='bbox 153 1831 212 1884; x_wconf 87' lang='lat' dir='ltr'><strong>Nec</strong></span> <span class='ocrx_word' id='word_1_139' title='bbox 228 1831 311 1885; x_wconf 87' lang='lat' dir='ltr'><strong>verbo</strong></span> <span class='ocrx_word' id='word_1_140' title='bbox 319 1831 441 1903; x_wconf 47' lang='lat' dir='ltr'><strong>,verbum</strong></span> <span class='ocrx_word' id='word_1_141' title='bbox 459 1830 566 1884; x_wconf 82' lang='lat' dir='ltr'><strong>curabis</strong></span> <span class='ocrx_word' id='word_1_142' title='bbox 584 1829 702 1883; x_wconf 88' lang='lat' dir='ltr'><strong>reddere</strong></span> <span class='ocrx_word' id='word_1_143' title='bbox 720 1829 792 1883; x_wconf 87' lang='lat' dir='ltr'><strong>lidus</strong></span> 
     </span>
     <span class='ocr_line' id='line_1_24' title="bbox 153 1905 804 1974; baseline 0 -16"><span class='ocrx_word' id='word_1_144' title='bbox 153 1906 300 1974; x_wconf 85' lang='lat' dir='ltr'><strong>interpres,</strong></span> <span class='ocrx_word' id='word_1_145' title='bbox 318 1922 368 1960; x_wconf 87' lang='lat' dir='ltr'><strong>nec</strong></span> <span class='ocrx_word' id='word_1_146' title='bbox 387 1905 496 1960; x_wconf 86' lang='lat' dir='ltr'><strong>desilies</strong></span> <span class='ocrx_word' id='word_1_147' title='bbox 513 1905 635 1958; x_wconf 81' lang='lat' dir='ltr'><strong>imitator</strong></span> <span class='ocrx_word' id='word_1_148' title='bbox 652 1905 681 1958; x_wconf 95' lang='lat' dir='ltr'><strong>in</strong></span> <span class='ocrx_word' id='word_1_149' title='bbox 698 1908 804 1959; x_wconf 82' lang='lat' dir='ltr'><strong>erctum</strong></span> 
     </span>
     <span class='ocr_line' id='line_1_25' title="bbox 152 1979 999 2050; baseline 0.002 -18"><span class='ocrx_word' id='word_1_150' title='bbox 152 1981 233 2034; x_wconf 90' lang='lat' dir='ltr'><strong>Unde</strong></span> <span class='ocrx_word' id='word_1_151' title='bbox 250 1981 349 2048; x_wconf 86' lang='lat' dir='ltr'><strong>pedem</strong></span> <span class='ocrx_word' id='word_1_152' title='bbox 365 1981 486 2050; x_wconf 84' lang='lat' dir='ltr'><strong>proferre</strong></span> <span class='ocrx_word' id='word_1_153' title='bbox 503 1979 593 2048; x_wconf 87' lang='lat' dir='ltr'><strong>pudor</strong></span> <span class='ocrx_word' id='word_1_154' title='bbox 609 1983 686 2034; x_wconf 87' lang='lat' dir='ltr'><strong>vetet</strong></span> <span class='ocrx_word' id='word_1_155' title='bbox 703 1983 752 2034; x_wconf 87' lang='lat' dir='ltr'><strong>aut</strong></span> <span class='ocrx_word' id='word_1_156' title='bbox 768 1980 859 2048; x_wconf 87' lang='lat' dir='ltr'><strong>operis</strong></span> <span class='ocrx_word' id='word_1_157' title='bbox 876 1980 931 2034; x_wconf 88' lang='lat' dir='ltr'><strong>lex.</strong></span> <span class='ocrx_word' id='word_1_158' title='bbox 964 1995 999 2034; x_wconf 75' lang='lat'><strong>1³⁵</strong></span> 
     </span>
     <span class='ocr_line' id='line_1_26' title="bbox 153 2054 806 2123; baseline 0 -16"><span class='ocrx_word' id='word_1_159' title='bbox 153 2056 178 2106; x_wconf 91' lang='lat' dir='ltr'><strong>N</strong></span> <span class='ocrx_word' id='word_1_160' title='bbox 181 2071 211 2108; x_wconf 90' lang='lat' dir='ltr'><strong>cc</strong></span> <span class='ocrx_word' id='word_1_161' title='bbox 228 2056 267 2108; x_wconf 88' lang='lat' dir='ltr'><strong>sic</strong></span> <span class='ocrx_word' id='word_1_162' title='bbox 282 2055 395 2122; x_wconf 85' lang='lat' dir='ltr'><strong>incipies</strong></span> <span class='ocrx_word' id='word_1_163' title='bbox 412 2058 445 2108; x_wconf 91' lang='lat' dir='ltr'><strong>ut</strong></span> <span class='ocrx_word' id='word_1_164' title='bbox 462 2055 580 2123; x_wconf 86' lang='lat' dir='ltr'><strong>scriptor</strong></span> <span class='ocrx_word' id='word_1_165' title='bbox 596 2055 711 2122; x_wconf 86' lang='lat' dir='ltr'><strong>cyclicus</strong></span> <span class='ocrx_word' id='word_1_166' title='bbox 729 2054 806 2108; x_wconf 91' lang='lat' dir='ltr'><strong>olim:</strong></span> 
     </span>
     <span class='ocr_line' id='line_1_27' title="bbox 152 2129 870 2184; baseline 0 -2"><span class='ocrx_word' id='word_1_167' title='bbox 152 2129 320 2183; x_wconf 79' lang='lat' dir='ltr'><strong>“Fortunam</strong></span> <span class='ocrx_word' id='word_1_168' title='bbox 339 2129 440 2182; x_wconf 82' lang='lat' dir='ltr'><strong>Priami</strong></span> <span class='ocrx_word' id='word_1_169' title='bbox 458 2130 572 2182; x_wconf 77' lang='lat' dir='ltr'><strong>mutabo</strong></span> <span class='ocrx_word' id='word_1_170' title='bbox 590 2133 620 2182; x_wconf 89' lang='lat' dir='ltr'><strong>ct</strong></span> <span class='ocrx_word' id='word_1_171' title='bbox 636 2129 727 2183; x_wconf 90' lang='lat' dir='ltr'><strong>nobile</strong></span> <span class='ocrx_word' id='word_1_172' title='bbox 745 2129 870 2184; x_wconf 87' lang='lat' dir='ltr'><strong>bellum.&#39;&#39;</strong></span> 
     </span>
    </p>
   </div>
   <div class='ocr_carea' id='block_1_3' title="bbox 73 2202 873 2271">
    <p class='ocr_par' dir='ltr' id='par_1_8' title="bbox 73 2202 873 2271">
     <span class='ocr_line' id='line_1_28' title="bbox 73 2202 873 2271; baseline 0.003 -15"><span class='ocrx_word' id='word_1_173' title='bbox 73 2245 75 2250; x_wconf 69' lang='lat'><strong>,</strong></span> <span class='ocrx_word' id='word_1_174' title='bbox 153 2203 226 2267; x_wconf 80' lang='lat' dir='ltr'><strong>Quid</strong></span> <span class='ocrx_word' id='word_1_175' title='bbox 243 2203 354 2271; x_wconf 84' lang='lat' dir='ltr'><strong>dignum</strong></span> <span class='ocrx_word' id='word_1_176' title='bbox 372 2206 448 2256; x_wconf 92' lang='lat' dir='ltr'><strong>tanto</strong></span> <span class='ocrx_word' id='word_1_177' title='bbox 466 2204 536 2258; x_wconf 83' lang='lat' dir='ltr'><strong>leret</strong></span> <span class='ocrx_word' id='word_1_178' title='bbox 553 2202 598 2256; x_wconf 89' lang='lat' dir='ltr'><strong>hic</strong></span> <span class='ocrx_word' id='word_1_179' title='bbox 615 2204 762 2271; x_wconf 89' lang='lat' dir='ltr'><strong>promissor</strong></span> <span class='ocrx_word' id='word_1_180' title='bbox 779 2203 873 2258; x_wconf 86' lang='lat' dir='ltr'><strong>lriatu&#39;l</strong></span> 
     </span>
    </p>
   </div>
   <div class='ocr_carea' id='block_1_4' title="bbox 150 2279 1000 2646">
    <p class='ocr_par' dir='ltr' id='par_1_9' title="bbox 153 2279 823 2346">
     <span class='ocr_line' id='line_1_29' title="bbox 153 2279 823 2346; baseline 0.001 -14"><span class='ocrx_word' id='word_1_181' title='bbox 153 2279 313 2346; x_wconf 81' lang='lat' dir='ltr'><strong>Parturiunt</strong></span> <span class='ocrx_word' id='word_1_182' title='bbox 326 2282 442 2346; x_wconf 87' lang='lat' dir='ltr'><strong>montes,</strong></span> <span class='ocrx_word' id='word_1_183' title='bbox 460 2281 590 2332; x_wconf 85' lang='lat' dir='ltr'><strong>nascetur</strong></span> <span class='ocrx_word' id='word_1_184' title='bbox 606 2279 737 2332; x_wconf 87' lang='lat' dir='ltr'><strong>ridiculus</strong></span> <span class='ocrx_word' id='word_1_185' title='bbox 755 2296 823 2334; x_wconf 91' lang='lat' dir='ltr'><strong>mus.</strong></span> 
     </span>
    </p>

    <p class='ocr_par' dir='ltr' id='par_1_10' title="bbox 152 2353 1000 2568">
     <span class='ocr_line' id='line_1_30' title="bbox 153 2353 1000 2423; baseline 0.001 -14"><span class='ocrx_word' id='word_1_186' title='bbox 153 2355 260 2420; x_wconf 80' lang='lat' dir='ltr'><strong>Quanto</strong></span> <span class='ocrx_word' id='word_1_187' title='bbox 276 2355 378 2411; x_wconf 86' lang='lat' dir='ltr'><strong>rectius</strong></span> <span class='ocrx_word' id='word_1_188' title='bbox 394 2354 439 2408; x_wconf 89' lang='lat' dir='ltr'><strong>hie</strong></span> <span class='ocrx_word' id='word_1_189' title='bbox 457 2354 504 2422; x_wconf 86' lang='lat' dir='ltr'><strong>qui</strong></span> <span class='ocrx_word' id='word_1_190' title='bbox 521 2353 559 2406; x_wconf 92' lang='lat' dir='ltr'><strong>nil</strong></span> <span class='ocrx_word' id='word_1_191' title='bbox 576 2353 689 2408; x_wconf 90' lang='lat' dir='ltr'><strong>molitur</strong></span> <span class='ocrx_word' id='word_1_192' title='bbox 706 2355 814 2423; x_wconf 88' lang='lat' dir='ltr'><strong>inepte:</strong></span> <span class='ocrx_word' id='word_1_193' title='bbox 966 2371 1000 2410; x_wconf 79' lang='lat' dir='ltr'><strong>uo</strong></span> 
     </span>
     <span class='ocr_line' id='line_1_31' title="bbox 152 2429 975 2498; baseline 0 -14"><span class='ocrx_word' id='word_1_194' title='bbox 152 2430 224 2484; x_wconf 89' lang='lat' dir='ltr'><strong>“Dic</strong></span> <span class='ocrx_word' id='word_1_195' title='bbox 240 2431 314 2497; x_wconf 89' lang='lat' dir='ltr'><strong>mihi,</strong></span> <span class='ocrx_word' id='word_1_196' title='bbox 333 2429 419 2495; x_wconf 76' lang='lat' dir='ltr'><strong>Musa,</strong></span> <span class='ocrx_word' id='word_1_197' title='bbox 436 2429 525 2482; x_wconf 83' lang='lat' dir='ltr'><strong>virum</strong></span> <span class='ocrx_word' id='word_1_198' title='bbox 542 2432 637 2496; x_wconf 83' lang='lat' dir='ltr'><strong>ceptae</strong></span> <span class='ocrx_word' id='word_1_199' title='bbox 655 2432 718 2497; x_wconf 89' lang='lat' dir='ltr'><strong>post</strong></span> <span class='ocrx_word' id='word_1_200' title='bbox 735 2432 860 2498; x_wconf 81' lang='lat' dir='ltr'><strong>tempora</strong></span> <span class='ocrx_word' id='word_1_201' title='bbox 877 2429 975 2498; x_wconf 80' lang='lat' dir='ltr'><strong>Trojao</strong></span> 
     </span>
     <span class='ocr_line' id='line_1_32' title="bbox 153 2503 893 2568; baseline -0.003 -9"><span class='ocrx_word' id='word_1_202' title='bbox 153 2504 206 2568; x_wconf 84' lang='lat' dir='ltr'><strong>Qui</strong></span> <span class='ocrx_word' id='word_1_203' title='bbox 222 2522 311 2559; x_wconf 90' lang='lat' dir='ltr'><strong>mores</strong></span> <span class='ocrx_word' id='word_1_204' title='bbox 329 2504 468 2557; x_wconf 90' lang='lat' dir='ltr'><strong>hominum</strong></span> <span class='ocrx_word' id='word_1_205' title='bbox 485 2503 633 2556; x_wconf 89' lang='lat' dir='ltr'><strong>multorum</strong></span> <span class='ocrx_word' id='word_1_206' title='bbox 651 2503 721 2558; x_wconf 86' lang='lat' dir='ltr'><strong>vidit</strong></span> <span class='ocrx_word' id='word_1_207' title='bbox 741 2507 770 2558; x_wconf 87' lang='lat' dir='ltr'><strong>ot</strong></span> <span class='ocrx_word' id='word_1_208' title='bbox 788 2503 893 2558; x_wconf 89' lang='lat' dir='ltr'><strong>urbes.&#39;’</strong></span> 
     </span>
    </p>

    <p class='ocr_par' dir='ltr' id='par_1_11' title="bbox 150 2578 910 2646">
     <span class='ocr_line' id='line_1_33' title="bbox 150 2578 910 2646; baseline 0 -12"><span class='ocrx_word' id='word_1_209' title='bbox 150 2581 179 2634; x_wconf 88' lang='lat' dir='ltr'>N</span> <span class='ocrx_word' id='word_1_210' title='bbox 180 2597 219 2634; x_wconf 62' lang='lat' dir='ltr'><strong>onv</strong></span> <span class='ocrx_word' id='word_1_211' title='bbox 231 2581 335 2634; x_wconf 86' lang='lat' dir='ltr'><strong>fumum</strong></span> <span class='ocrx_word' id='word_1_212' title='bbox 353 2596 388 2633; x_wconf 82' lang='lat' dir='ltr'><strong>ex</strong></span> <span class='ocrx_word' id='word_1_213' title='bbox 404 2579 510 2646; x_wconf 83' lang='lat' dir='ltr'><strong>fulgore</strong></span> <span class='ocrx_word' id='word_1_214' title='bbox 527 2578 577 2632; x_wconf 91' lang='lat' dir='ltr'><strong>sed</strong></span> <span class='ocrx_word' id='word_1_215' title='bbox 594 2595 629 2632; x_wconf 85' lang='lat' dir='ltr'><strong>ox</strong></span> <span class='ocrx_word' id='word_1_216' title='bbox 646 2579 721 2632; x_wconf 84' lang='lat' dir='ltr'><strong>fumo</strong></span> <span class='ocrx_word' id='word_1_217' title='bbox 739 2579 806 2633; x_wconf 87' lang='lat' dir='ltr'><strong>dare</strong></span> <span class='ocrx_word' id='word_1_218' title='bbox 823 2579 910 2634; x_wconf 86' lang='lat' dir='ltr'><strong>lucem</strong></span> 
     </span>
    </p>
   </div>
   <div class='ocr_carea' id='block_1_5' title="bbox 61 2652 853 2722">
    <p class='ocr_par' dir='ltr' id='par_1_12' title="bbox 61 2652 853 2722">
     <span class='ocr_line' id='line_1_34' title="bbox 61 2652 853 2722; baseline -0.003 -12"><span class='ocrx_word' id='word_1_219' title='bbox 61 2706 62 2710; x_wconf 75' lang='grc'>,</span> <span class='ocrx_word' id='word_1_220' title='bbox 152 2655 269 2722; x_wconf 82' lang='lat' dir='ltr'><strong>Cogitet,</strong></span> <span class='ocrx_word' id='word_1_221' title='bbox 285 2658 319 2707; x_wconf 92' lang='lat' dir='ltr'><strong>ut</strong></span> <span class='ocrx_word' id='word_1_222' title='bbox 336 2653 457 2722; x_wconf 88' lang='lat' dir='ltr'><strong>speciosa</strong></span> <span class='ocrx_word' id='word_1_223' title='bbox 474 2652 573 2706; x_wconf 89' lang='lat' dir='ltr'><strong>dehinc</strong></span> <span class='ocrx_word' id='word_1_224' title='bbox 590 2653 721 2706; x_wconf 85' lang='lat' dir='ltr'><strong>miracula</strong></span> <span class='ocrx_word' id='word_1_225' title='bbox 737 2658 853 2722; x_wconf 82' lang='lat' dir='ltr'><strong>promat,</strong></span> 
     </span>
    </p>
   </div>
   <div class='ocr_carea' id='block_1_6' title="bbox 147 2727 1001 3244">
    <p class='ocr_par' dir='ltr' id='par_1_13' title="bbox 150 2727 999 2871">
     <span class='ocr_line' id='line_1_35' title="bbox 152 2727 999 2797; baseline 0.004 -15"><span class='ocrx_word' id='word_1_226' title='bbox 152 2729 323 2797; x_wconf 84' lang='lat' dir='ltr'><strong>Antiphaten</strong></span> <span class='ocrx_word' id='word_1_227' title='bbox 334 2727 504 2796; x_wconf 79' lang='lat' dir='ltr'><strong>Scyllamque</strong></span> <span class='ocrx_word' id='word_1_228' title='bbox 515 2730 545 2780; x_wconf 87' lang='lat' dir='ltr'><strong>et</strong></span> <span class='ocrx_word' id='word_1_229' title='bbox 556 2743 617 2780; x_wconf 88' lang='lat' dir='ltr'><strong>cum</strong></span> <span class='ocrx_word' id='word_1_230' title='bbox 630 2727 745 2797; x_wconf 80' lang='lat' dir='ltr'><strong>cyclope</strong></span> <span class='ocrx_word' id='word_1_231' title='bbox 758 2728 922 2796; x_wconf 76' lang='lat' dir='ltr'><strong>Charybdin.</strong></span> <span class='ocrx_word' id='word_1_232' title='bbox 964 2743 999 2786; x_wconf 72' lang='lat' dir='ltr'><strong>ros</strong></span> 
     </span>
     <span class='ocr_line' id='line_1_36' title="bbox 150 2801 845 2871; baseline -0.003 -14"><span class='ocrx_word' id='word_1_233' title='bbox 150 2803 211 2857; x_wconf 88' lang='lat' dir='ltr'><strong>Nec</strong></span> <span class='ocrx_word' id='word_1_234' title='bbox 227 2802 346 2856; x_wconf 88' lang='lat' dir='ltr'><strong>reditum</strong></span> <span class='ocrx_word' id='word_1_235' title='bbox 364 2802 505 2855; x_wconf 88' lang='lat' dir='ltr'><strong>Diomedis</strong></span> <span class='ocrx_word' id='word_1_236' title='bbox 522 2801 557 2854; x_wconf 87' lang='lat' dir='ltr'><strong>ab</strong></span> <span class='ocrx_word' id='word_1_237' title='bbox 574 2801 689 2856; x_wconf 90' lang='lat' dir='ltr'><strong>interitu</strong></span> <span class='ocrx_word' id='word_1_238' title='bbox 706 2803 845 2871; x_wconf 78' lang='lat' dir='ltr'><strong>Meleagri,</strong></span> 
     </span>
    </p>

    <p class='ocr_par' dir='ltr' id='par_1_14' title="bbox 150 2875 878 3020">
     <span class='ocr_line' id='line_1_37' title="bbox 150 2875 878 2944; baseline 0.001 -14"><span class='ocrx_word' id='word_1_239' title='bbox 150 2877 210 2931; x_wconf 89' lang='lat' dir='ltr'><strong>Nec</strong></span> <span class='ocrx_word' id='word_1_240' title='bbox 226 2878 333 2944; x_wconf 83' lang='lat' dir='ltr'><strong>gemino</strong></span> <span class='ocrx_word' id='word_1_241' title='bbox 351 2875 452 2929; x_wconf 89' lang='lat' dir='ltr'><strong>bollum</strong></span> <span class='ocrx_word' id='word_1_242' title='bbox 470 2875 616 2942; x_wconf 84' lang='lat' dir='ltr'><strong>Trojanum</strong></span> <span class='ocrx_word' id='word_1_243' title='bbox 634 2877 742 2930; x_wconf 86' lang='lat' dir='ltr'><strong>orditur</strong></span> <span class='ocrx_word' id='word_1_244' title='bbox 759 2877 794 2930; x_wconf 88' lang='lat' dir='ltr'><strong>ob</strong></span> <span class='ocrx_word' id='word_1_245' title='bbox 812 2893 878 2943; x_wconf 87' lang='lat' dir='ltr'><strong>ovo;</strong></span> 
     </span>
     <span class='ocr_line' id='line_1_38' title="bbox 150 2951 874 3020; baseline 0.003 -16"><span class='ocrx_word' id='word_1_246' title='bbox 150 2951 265 3020; x_wconf 82' lang='lat' dir='ltr'><strong>Semper</strong></span> <span class='ocrx_word' id='word_1_247' title='bbox 283 2951 319 3005; x_wconf 85' lang='lat' dir='ltr'><strong>ad</strong></span> <span class='ocrx_word' id='word_1_248' title='bbox 336 2954 463 3004; x_wconf 85' lang='lat' dir='ltr'><strong>eventum</strong></span> <span class='ocrx_word' id='word_1_249' title='bbox 481 2951 594 3004; x_wconf 84' lang='lat' dir='ltr'><strong>festinat</strong></span> <span class='ocrx_word' id='word_1_250' title='bbox 611 2954 641 3004; x_wconf 89' lang='lat' dir='ltr'><strong>et</strong></span> <span class='ocrx_word' id='word_1_251' title='bbox 659 2952 687 3004; x_wconf 92' lang='lat' dir='ltr'><strong>in</strong></span> <span class='ocrx_word' id='word_1_252' title='bbox 705 2952 810 3006; x_wconf 84' lang='lat' dir='ltr'><strong>medies</strong></span> <span class='ocrx_word' id='word_1_253' title='bbox 828 2969 874 3006; x_wconf 87' lang='lat' dir='ltr'><strong>res</strong></span> 
     </span>
    </p>

    <p class='ocr_par' dir='ltr' id='par_1_15' title="bbox 147 3025 1001 3244">
     <span class='ocr_line' id='line_1_39' title="bbox 150 3025 852 3095; baseline 0.007 -18"><span class='ocrx_word' id='word_1_254' title='bbox 150 3025 177 3077; x_wconf 88' lang='lat' dir='ltr'>N</span> <span class='ocrx_word' id='word_1_255' title='bbox 179 3041 214 3077; x_wconf 92' lang='lat' dir='ltr'><strong>on</strong></span> <span class='ocrx_word' id='word_1_256' title='bbox 231 3042 307 3078; x_wconf 89' lang='lat' dir='ltr'><strong>secus</strong></span> <span class='ocrx_word' id='word_1_257' title='bbox 325 3041 356 3078; x_wconf 88' lang='lat' dir='ltr'><strong>ac</strong></span> <span class='ocrx_word' id='word_1_258' title='bbox 373 3029 451 3078; x_wconf 86' lang='lat' dir='ltr'><strong>notas</strong></span> <span class='ocrx_word' id='word_1_259' title='bbox 468 3025 620 3078; x_wconf 88' lang='lat' dir='ltr'><strong>auditorem</strong></span> <span class='ocrx_word' id='word_1_260' title='bbox 637 3027 717 3095; x_wconf 85' lang='lat' dir='ltr'><strong>rapit,</strong></span> <span class='ocrx_word' id='word_1_261' title='bbox 735 3030 764 3080; x_wconf 90' lang='lat' dir='ltr'><strong>ct</strong></span> <span class='ocrx_word' id='word_1_262' title='bbox 781 3043 852 3095; x_wconf 79' lang='lat' dir='ltr'><strong>quae</strong></span> 
     </span>
     <span class='ocr_line' id='line_1_40' title="bbox 147 3099 1001 3170; baseline 0.009 -18"><span class='ocrx_word' id='word_1_263' title='bbox 147 3099 287 3165; x_wconf 86' lang='lat' dir='ltr'><strong>¹Desperat</strong></span> <span class='ocrx_word' id='word_1_264' title='bbox 304 3103 422 3161; x_wconf 84' lang='lat' dir='ltr'><strong>tractate</strong></span> <span class='ocrx_word' id='word_1_265' title='bbox 439 3100 573 3153; x_wconf 86' lang='lat' dir='ltr'><strong>nitescere</strong></span> <span class='ocrx_word' id='word_1_266' title='bbox 588 3116 669 3170; x_wconf 87' lang='lat' dir='ltr'><strong>posse</strong></span> <span class='ocrx_word' id='word_1_267' title='bbox 688 3101 832 3169; x_wconf 85' lang='lat' dir='ltr'><strong>relinquit;</strong></span> <span class='ocrx_word' id='word_1_268' title='bbox 965 3119 1001 3160; x_wconf 77' lang='lat'><strong>150</strong></span> 
     </span>
     <span class='ocr_line' id='line_1_41' title="bbox 151 3173 841 3244; baseline 0.009 -20"><span class='ocrx_word' id='word_1_269' title='bbox 151 3174 246 3238; x_wconf 83' lang='lat' dir='ltr'><strong>Atque</strong></span> <span class='ocrx_word' id='word_1_270' title='bbox 263 3173 303 3225; x_wconf 86' lang='lat' dir='ltr'><strong>ita</strong></span> <span class='ocrx_word' id='word_1_271' title='bbox 320 3173 459 3240; x_wconf 84' lang='lat' dir='ltr'><strong>mentltur,</strong></span> <span class='ocrx_word' id='word_1_272' title='bbox 478 3173 516 3226; x_wconf 83' lang='lat' dir='ltr'><strong>sic</strong></span> <span class='ocrx_word' id='word_1_273' title='bbox 533 3173 604 3228; x_wconf 82' lang='lat' dir='ltr'><strong>veris</strong></span> <span class='ocrx_word' id='word_1_274' title='bbox 621 3173 690 3228; x_wconf 85' lang='lat' dir='ltr'><strong>falsa</strong></span> <span class='ocrx_word' id='word_1_275' title='bbox 707 3176 841 3244; x_wconf 84' lang='lat' dir='ltr'><strong>remiscct,</strong></span> 
     </span>
    </p>
   </div>
   <div class='ocr_carea' id='block_1_7' title="bbox 0 0 1150 3448">
    <p class='ocr_par' dir='ltr' id='par_1_16' title="bbox 0 0 1150 3448">
     <span class='ocr_line' id='line_1_42' title="bbox 0 0 1150 3448; baseline 0 0"><span class='ocrx_word' id='word_1_276' title='bbox 0 0 1150 3448; x_wconf 95' lang='lat' dir='ltr'><strong> </strong></span> 
     </span>
    </p>
   </div>
  </div>
 </body>
</html>
