2268 3448
432 146 586 198 HORATII
603 145 735 196 FLAOCI

298 227 395 283 Virtus
411 225 556 281 recludens
572 223 717 278 immeritis
734 225 805 278 morl

298 301 412 356 Caelum
429 301 530 367 negata
546 301 639 372 tentat
656 299 711 351 iter
727 299 778 366 via,

333 375 489 442 Coetusque
506 373 631 440 vulgares
649 378 678 426 et
695 372 779 426 udam

366 449 478 517 Spernit
494 448 607 501 humum
625 447 748 513 fugiente
764 461 864 516 penna.

300 525 351 578 Est
368 529 398 578 et
415 521 490 577 fideli
506 525 569 576 tuta
586 521 694 574 sdontio
986 533 1029 578 η)

299 598 418 652 Meroesz
435 595 534 650 vetabo
551 596 599 665 qni
617 596 727 650 (leveris
744 611 851 651 eaerum

334 671 461 738 Vulgmit
478 685 594 724 mennae
610 669 662 723 sub
679 670 767 723 isdem

367 745 411 800 Sit
428 744 553 798 trabibus
569 743 727 812 fragilemve
743 759 851 799 meeum
1013 775 1032 795 a

300 819 393 875 Solvet
409 818 553 887 penalem
570 833 652 886 saepe
671 819 809 886 Diespiter
883 833 942 899 N*
953 815 959 840 ²
970 813 987 848 '‘

195 921 201 941 ι
300 895 326 948 Ν
329 893 448 961 eglectus
464 893 569 946 incesto
584 892 693 945 addidit
709 893 863 960 integrum.
871 873 899 919 V
980 907 1013 948 aa

163 998 168 1009 ·
334 969 409 1022 Raro
425 967 634 1022 antecedentem
651 967 794 1020 scelestum

368 1042 497 1096 Deseruit
512 1040 584 1110 pede
602 1041 694 1094 Poena
710 1041 815 1096 claudo.

556 1179 615 1234 III.

299 1264 412 1318 sanun
429 1265 459 1316 ct
475 1265 599 1318 tenacem
616 1261 748 1330 propositi
764 1261 852 1315 virum

301 1338 327 1392 N
329 1354 363 1390 on
380 1337 479 1390 civium
496 1337 579 1390 ardor
589 1353 680 1404 prava
692 1336 858 1404 jubentium,

333 1411 397 1465 Non
413 1411 504 1464 vultus
520 1411 646 1464 instantis
663 1411 770 1478 tyranni

369 1485 464 1540 Mente
481 1485 571 1554 quatit
588 1485 680 1552 solida,
698 1501 787 1553 nequo
804 1487 910 1538 Auster

300 1559 365 1614 Dux
381 1560 495 1630 inquieti
512 1559 639 1613 turbidus
657 1559 787 1626 Hadriae,
994 1574 1009 1614 s

300 1635 327 1689 N
329 1651 360 1688 ec
376 1635 543 1688 fulminantis
560 1649 659 1700 magna
675 1650 770 1686 manus
788 1633 806 1686 J
808 1633 880 1699 ovis·
970 1683 975 1692 ,

236 1775 238 1782 Α
257 1775 261 1783 Δ
335 1710 365 1764 si
382 1711 451 1764 fiact
439 1713 484 1765 tus
500 1708 629 1762 illabatur
645 1708 721 1762 orbis

346 1784 541 1858 Imparidum
557 1783 656 1838 ferient
673 1783 775 1837 rainae.

209 1897 214 1919 ι
301 1842 377 1912 Hae
379 1863 439 1912 arte
457 1858 553 1912 Pollux
570 1862 600 1912 et
615 1874 700 1926 vagus
718 1858 853 1912 Hercules

192 1959 193 1966 ι
302 1933 400 1986 Enisus
417 1949 494 1987 arces
511 1933 628 2000 attigit'
620 1948 720 2000 igneas,

336 2007 409 2078 Quos
426 2007 499 2078 inter
516 2008 657 2074 Augustus
675 2005 835 2060 recumbens

369 2082 509 2150 Putpureo
525 2082 597 2136 bibit
613 2097 660 2135 ore
677 2085 778 2135 nectar.

301 2155 362 2209 Hac
379 2163 408 2210 te
426 2161 583 2224 merentem,
601 2156 708 2210 Bacche
725 2161 813 2225 pater,
829 2161 895 2209 tuae

300 2229 409 2286 Verere
428 2233 513 2298 tigres
530 2231 638 2285 indocili
654 2231 752 2298 jugum

333 2306 409 2358 Collo
426 2306 581 2372 trahentes;
597 2306 648 2358 hae
666 2305 794 2368 Quirinus

367 2379 465 2434 Martis
482 2381 560 2449 equis
578 2379 736 2432 Acheronta
753 2379 831 2447 fugit,

299 2455 415 2507 Gratum
432 2456 539 2508 elocuta
555 2452 759 2508 consiliantibus

298 2528 409 2582 «lunone
428 2529 511 2584 divis:
531 2529 609 2594 ilion,
628 2528 699 2580 llion

332 2601 435 2654 Fatalis
453 2595 628 2668 incestusque
641 2602 732 2668 judex

365 2675 403 2725 Et
420 2675 516 2727 mulier
532 2675 676 2741 peregrina
692 2675 777 2728 vertit

298 2744 333 2797 ln
350 2746 495 2813 pulverem,
514 2763 549 2799 ex
566 2763 620 2813 quo
638 2747 764 2800 destituit
783 2747 849 2802 deos

302 2817 431 2870 Mercede
447 2823 529 2886 pacta
546 2819 708 2885 Laomedon,
726 2821 793 2873 milii

330 2890 483 2958 (laetaeque
501 2891 659 2943 damnatum
678 2893 823 2946 Minervae

369 2965 437 3014 Cum
454 2965 552 3031 populo
570 2969 599 3016 et
617 2965 686 3016 duce
704 2965 884 3022 fraudulento.

299 3031 318 3082 J
320 3049 363 3085 am
380 3050 431 3086 noo
448 3037 588 3090 Lacaenae
607 3036 733 3102 splendet
750 3039 894 3096 adulterae

297 3103 429 3158 Famosus
446 3108 550 3174 hospes,
567 3123 617 3160 nec
636 3107 736 3158 Priami
754 3109 851 3164 domus
