2268 3448
159 181 191 226 ‘rr
393 209 397 216 ·
434 182 588 232 HORA'I'II
606 183 735 232 FLAGCI

332 261 478 318 Consrrltus
496 278 653 328 er·rc„nunc
670 266 821 318 retrorsum

366 335 436 391 Vela
454 338 520 391 dare
536 340 620 405 atque
636 336 736 391 iterare
752 350 850 390 cursus

298 413 388 482 (logor
403 414 528 468 relictos:
545 428 662 482 namque
680 409 824 482 Diespiter.
996 435 1011 476 ς

299 489 362 558 lgni
379 506 489 544 conrsco
505 487 599 543 nubila
617 487 742 542 dividens

333 566 504 636 Plerumque,
522 581 572 635 per
588 581 687 635 purum
705 569 831 620 tonantes

367 642 433 710 Egit
449 658 533 711 equos
550 641 741 711 volucremque
759 659 892 713 cruorem,

299 716 359 780 Quo
375 717 458 770 bruta
475 717 557 770 tellus
573 720 603 771 ct
620 733 688 784 vaga
705 717 824 785 flumina,
966 779 969 786 Δ

299 791 360 856 Quo
377 791 444 860 Styx
462 795 491 845 et
508 791 586 858 invisi
604 791 715 845 horrida
733 793 846 847 Taenari
991 809 1014 849 r·

333 866 419 921 Sedes
437 867 639 935 Atlanteusque
656 866 719 920 finis

367 941 534 996 concutitur.
569 941 652 996 Valet
669 941 724 996 ima
741 943 853 996 summis

299 1016 409 1071 Mutare
426 1022 455 1072 et
472 1018 604 1086 insignem
623 1021 747 1072 attenuat
764 1017 832 1071 deus

300 1091 422 1146 Obscura
438 1109 584 1161 promens;
601 1092 664 1145 hine
681 1092 784 1160 apicem
801 1109 885 1162 rapax

271 1208 274 1214 .
334 1167 454 1220 Fortuna
472 1183 533 1219 cnm
546 1165 668 1224 stridore
686 1170 765 1221 acuto
835 1186 839 1192 ’
990 1183 1015 1223 rs

318 1283 324 1295 .
368 1241 492 1308 Sustulit,
509 1240 553 1295 lric
570 1241 692 1311 posuisse
708 1242 818 1310 gaudet

412 1375 416 1382 ’
528 1379 646 1436 XXXV.

300 1462 324 1516 0
342 1480 417 1532 nrrs,
434 1465 544 1532 gratum
561 1479 631 1533 quae
648 1463 721 1532 regis
740 1463 863 1534 Antium,

300 1537 433 1593 Praesens
449 1539 492 1594 vel
509 1539 564 1592 imo
581 1539 678 1593 tollere
696 1539 731 1592 de
748 1540 836 1607 gradu

333 1613 451 1668 Mortale
468 1629 564 1683 corpus
581 1613 624 1668 vel
642 1613 774 1682 superbos

368 1689 485 1744 Vertere
498 1689 642 1754 ,funeribus
659 1688 820 1758 triumphos,
1117 1739 1118 1766 ,

299 1764 338 1818 'Pe
354 1771 458 1833 pauper
474 1764 561 1818 ambit
579 1761 694 1817 sollicita
712 1780 792 1834 prece
1002 1782 1017 1820 ε

300 1839 383 1892 Ruris
400 1839 516 1906 colonus,
533 1841 563 1892 te
581 1839 717 1892 dominam
734 1839 860 1908 aequoris

334 1913 494 1982 Quicunque
511 1911 629 1982 Bithyna
646 1913 755 1968 lacessit
1117 1957 1118 1982 ,

324 1971 328 1985 ³
369 1987 544 2056 Carpathium
561 1987 673 2056 pelagus
692 1989 789 2042 carina.

300 2062 339 2116 'l'e
356 2062 446 2116 Dacus
464 2079 550 2131 asper,
568 2067 598 2117 te
614 2063 722 2132 profugi
740 2063 856 2130 Scythae

300 2137 444 2206 Urbesque
460 2141 612 2206 gentesque
629 2139 663 2203 et
676 2137 784 2190 Latium
801 2137 879 2190 ferox
990 2153 1012 2192 ro
1117 2159 1118 2184 ³

334 2211 494 2281 Regumque
511 2215 613 2266 matres
629 2211 807 2265 barbarorum
825 2215 854 2265 et

368 2286 501 2355 Purpurei
519 2289 646 2341 metuunt
662 2286 777 2354 tyranni,
867 2299 869 2306 ·

301 2362 437 2432 Injuriosc
453 2379 488 2416 ne
504 2362 575 2431 pede
592 2376 707 2430 promas

300 2440 424 2493 Stantem
442 2439 600 2505 columnam,
619 2453 673 2490 neu
689 2435 804 2503 populus
822 2435 950 2504 frequens

333 2514 382 2567 Ad
398 2529 473 2567 arma
489 2516 633 2579 cessantes,
651 2511 688 2565 ad
705 2527 781 2564 arma
937 2566 940 2571 ,
987 2524 1025 2572 ra,

367 2587 492 2640 Concitet
508 2587 706 2655 imperiumque
722 2585 837 2652 frangat

299 2661 337 2715 Te
355 2677 462 2729 semper
479 2661 566 2714 anteit
584 2669 665 2712 saera
681 2660 839 2714 Necessitas

299 2736 396 2791 Claros
412 2733 531 2789 trabales
548 2737 578 2788 et
595 2749 694 2788 cuneos
710 2751 793 2788 mann

333 2811 451 2865 (lestans
468 2814 543 2877 aena,
561 2825 611 2862 uec
629 2825 740 2864 severus

366 2885 460 2938 Uncus
476 2883 555 2938 abest
570 2883 759 2952 liquidumque
776 2883 924 2951 plumbum.
986 2896 1008 2936 ro
1117 2925 1118 2930 ¹

280 2969 281 2972 ’
299 2959 338 3012 'le
355 2957 424 3026 Spes
441 2961 470 3011 et
488 2957 550 3010 albo
567 2974 630 3011 rara
648 2958 733 3010 Fides
750 2959 815 3010 colit

299 3031 399 3085 Velata
415 3047 504 3097 panno
522 3047 572 3084 nec
589 3032 720 3094 comitem¹
734 3030 857 3096 abnegat,

334 3104 481 3170 Utcunque
498 3107 604 3156 unitata
622 3106 748 3171 potentes

368 3177 455 3229 Veste
473 3176 568 3229 domos
584 3175 694 3228 inimica
709 3174 817 3240 linquis
