2288 3444
168 179 213 230 1⁸24
446 171 746 224 HORA‘I'II‘FLAOOI

164 252 276 306 Persius
291 251 336 306 hie
352 267 502 321 permagna
518 253 628 321 negotia
645 250 723 306 dives
739 249 861 306 habebat

164 325 339 394 Clazomenis,
357 326 441 380 etiam
458 325 522 380 lites
540 343 602 380 cum
621 327 698 392 Rege
715 324 850 390 molestas,

164 401 257 454 Durus
274 401 355 454 homo
373 405 457 468 atque
475 401 538 454 odio
557 402 604 468 qui
622 404 715 469 posset
732 401 840 454 vincere
858 400 973 468 Regem,

164 476 312 530 Confidens
329 476 513 544 tumidusque,
531 476 601 530 adeo
619 476 751 528 sermonis
767 474 852 528 amari

110 555 113 561 “
165 551 293 604 Sisennae
312 551 413 604 Barros
430 555 462 605 ut
480 552 557 618 equis
574 553 764 619 praecurreret
781 548 858 603 albis.

165 626 214 679 Ad
233 626 338 693 Regem
356 625 447 679 redeo.
483 626 632 694 Postquam
649 626 717 678 nihil
735 627 807 678 inter
823 629 974 692 utrumque

166 701 306 766 Convenit,
324 701 383 766 (hoe
402 700 503 754 etenim
521 706 585 754 sunt
606 717 700 753 omnes
713 699 777 767 jure
795 699 903 752 molesti
993 715 1017 753 ro

166 777 225 840 Quo
242 776 327 828 fortes
345 775 444 842 quibus
461 775 605 828 adversum
619 775 725 846 ¹bellum
743 774 852 838 incidit;
872 773 946 827 inter

166 850 287 904 Hectora
306 850 462 904 Priamiden
480 851 629 904 animosum
648 855 731 917 atque
748 851 822 904 inter
841 849 979 902 Achillem

166 925 213 978 lra
229 925 281 978 fuit
299 925 423 993 capitalis
439 929 473 980 ut
488 925 585 979 ultima
602 925 740 979 divideret
755 941 835 991 mors,

166 1000 228 1052 Non
245 1000 326 1053 eliam
344 1001 379 1054 ob
397 1009 504 1056 causam
522 1002 574 1054 uisi
593 1001 666 1068 quod
679 1001 767 1054 virtus
783 1000 812 1053 in
828 1002 945 1068 utroque

166 1075 277 1128 Summa
294 1075 361 1129 luit:
379 1074 434 1128 duo
452 1076 475 1129 si
493 1076 629 1129 discordia
646 1078 728 1129 vexet
744 1075 853 1138 inertes
994 1087 1018 1126 ιε

167 1153 226 1203 Aut
241 1149 264 1204 si
281 1149 435 1218 disparibus
455 1149 557 1203 bellum
575 1149 684 1216 incidat,
703 1152 735 1202 ut
755 1147 882 1202 Diomedi

166 1225 235 1277 (lum
253 1224 335 1292 Lycio
354 1224 462 1289 Glauco,
481 1225 606 1278 discedat
624 1225 727 1293 pigrior
743 1223 817 1277 ultro

166 1298 327 1351 Muneribus
342 1299 431 1352 missis
438 1302 454 1364 z)
474 1299 562 1352 Bruto
580 1309 707 1367 praetore
725 1301 839 1352 tenente

166 1373 259 1425 Ditem
278 1373 374 1425 Asiam
392 1373 485 1441 Rupili
502 1378 533 1427 et
554 1374 632 1428 Persi
649 1390 700 1442 par
717 1376 830 1442 pugnat
847 1371 889 1425 uti
907 1387 961 1424 non

166 1447 352 1515 Compositum
370 1448 468 1501 melius
486 1465 547 1502 cum
567 1449 651 1502 Bitho
670 1449 807 1502 Bacchius
843 1447 876 1500 In
888 1445 937 1514 jus
992 1463 1017 1499 ro

166 1523 255 1575 Acras
274 1526 443 1590 procurrunt,
459 1539 587 1591 magnum
606 1522 790 1592 spectaculum
810 1525 935 1589 uterquc.

167 1597 276 1650 Persius
295 1598 406 1665 exponit
424 1615 547 1663 eausam3
566 1599 673 1652 ridetur
691 1597 726 1651 ab
742 1597 815 1650 omni

166 1671 323 1736 Conventu;
340 1673 435 1726 laudat
447 1674 564 1726 Brutum
577 1673 727 1740 laudatque
739 1672 891 1725 cohortem:

166 1746 256 1800 Solem
276 1747 359 1800 Asiae
377 1747 494 1800 Brutum
513 1749 642 1816 appellat,
661 1747 809 1814 stellasque
823 1744 946 1798 salubres

166 1821 299 1888 Appellat
316 1822 429 1874 comites
445 1827 560 1890 excepto
579 1823 670 1890 Bege3
689 1837 783 1874 canem
803 1820 881 1873 illum
991 1833 1015 1872 aa

167 1895 288 1948 Invisum
307 1895 432 1962 agricolis
453 1897 528 1950 sidus
547 1897 660 1950 venisse.
695 1895 805 1948 Ruebat

167 1969 282 2022 Flumen
298 1973 330 2022 ut
348 1969 492 2024 hibernum
508 1972 596 2024 fertur
613 1987 667 2039 quo
685 1985 748 2024 rare
763 1968 872 2023 securis

166 2045 236 2096 'Pum
255 2043 448 2097 Praenestinus
463 2045 533 2098 salso
552 2046 694 2112 multoque
712 2044 809 2097 fluenti

167 2119 303 2186 Expressa
317 2118 430 2172 arbusto
447 2121 550 2186 regerit
567 2120 693 2185 convicia,
711 2119 798 2171 durum

166 2192 357 2246 vindemiator
374 2197 404 2246 et
421 2193 544 2259 invictus,
563 2195 607 2248 cui
626 2211 707 2262 saepe
724 2195 811 2247 viator
991 2206 1015 2246 eo

167 2267 302 2322 Oessissct
318 2283 417 2334 magna
436 2269 599 2337 compellans
616 2285 683 2322 voce
700 2267 842 2322 cucullum.

167 2344 209 2396 At
226 2342 352 2408 Graecus,
370 2346 515 2411 postquam
534 2348 577 2398 est
595 2345 667 2397 Italo
684 2343 811 2410 perfusus
827 2343 911 2404 scote,

168 2417 278 2470 Persius
295 2417 446 2474 exclamat:
465 2418 519 2471 Per
536 2435 655 2486 magnos,
676 2419 769 2482 Brute,
788 2417 854 2470 deos
871 2419 900 2469 tc

168 2492 224 2544 Oro
241 2491 288 2559 qui
305 2508 385 2559 reges
401 2493 539 2546 consueris
555 2494 659 2557 tollere,
678 2508 727 2544 eur
743 2508 796 2543 non
992 2505 1015 2541 ,ιι

168 2564 1015 2634 HuncBegemjugulaslOperumhoe,mihicredo,tumumcst.
1126 2587 1128 2612 t

555 2704 640 2758 Vlll.

169 2783 245 2836 Onu
263 2787 374 2836 tumens
392 2799 466 2836 eram
484 2784 605 2850 ficulnus,
623 2785 719 2838 inutile
736 2785 849 2852 lignum,

169 2858 238 2911 (lum
255 2857 339 2924 faber,
357 2859 478 2911 incertus
495 2875 633 2911 scamnum
650 2861 788 2912 faceretne
806 2858 945 2926 Priapum,

168 2931 268 2989 Maluit
284 2948 344 2984 esse
360 2932 450 2986 deum.
485 2932 560 2985 Deus
576 2934 640 2986 inde
657 2950 708 3000 ego
724 2934 815 2985 furum
835 2933 981 2999 aviumque

169 3004 290 3057 Maxima
306 3006 436 3070 formid03
458 3022 522 3058 nam
538 3007 614 3060 iures
631 3007 730 3060 dextra
747 3010 854 3060 coercet

59 3105 61 3112 ·
169 3077 363 3144 Obseoenoque
379 3079 463 3132 ruber
478 3085 619 3150 porrectus
637 3081 672 3134 ab
689 3081 798 3148 inguine
815 3080 894 3149 palus
902 3100 911 3143 ;

170 3155 225 3204 Ast
242 3151 408 3218 importunos
424 3153 546 3206 volucres
562 3155 591 3206 in
609 3153 711 3206 vertice
728 3151 833 3209 ammdo
