2276 3448
273 587 281 604 ,
344 540 407 606 DE
435 541 561 608 ARTE
590 537 792 607 POETICA

496 727 633 786 LIBER.

144 937 274 994 Hunsue
284 939 374 1009 capiti
392 940 526 994 cervicem
543 940 632 1010 pictor
649 941 778 1010 equinam

144 1013 267 1081 Junge're
284 1014 310 1068 si
326 1015 400 1084 velit,
418 1019 447 1068 et
463 1015 552 1068 varias
569 1015 699 1070 inducere
716 1017 822 1084 plumas

144 1089 274 1158 Undique
291 1090 397 1143 collatis
413 1089 552 1158 membris,
569 1095 602 1144 ut
619 1092 737 1159 turpiter
754 1095 844 1144 atrum

145 1162 260 1218 Desinat
276 1164 306 1216 in
323 1165 425 1232 piscem
442 1165 540 1218 mulier
557 1165 675 1220 formosa
693 1181 817 1234 superne,

145 1239 303 1306 Spectatum
321 1239 433 1294 admissi
450 1240 536 1294 risum
553 1242 678 1308 teneatis,
696 1241 794 1304 andeli
978 1248 992 1291 ὅ

146 1313 264 1382 Credite,
283 1312 401 1383 Pisones,
419 1315 467 1369 isti
484 1315 595 1370 tabulae
611 1317 670 1370 fore
687 1316 786 1370 librum

147 1389 316 1442 Persimilem
333 1391 418 1458 cujus,
436 1392 512 1445 velut
529 1392 604 1460 aegri
622 1393 835 1459 somniaranae

147 1465 297 1531 Fingentur
314 1466 425 1534 species,
442 1469 475 1519 ut
491 1482 542 1519 nec
558 1483 607 1534 pes
625 1483 675 1520 nec
691 1470 773 1534 caput
789 1465 837 1520 uni

147 1539 290 1593 Reddatur
306 1541 416 1594 ferinae.
450 1539 626 1593 “Pictoribus
643 1543 727 1608 atque
744 1540 833 1607 poetis

147 1614 288 1678 Quidlibet
305 1614 425 1668 audendi
443 1631 552 1682 semper
568 1615 621 1668 fuit
638 1630 726 1683 aequa
742 1613 891 1682 potestas.'’-
968 1631 990 1667 m

147 1687 253 1743 Scimus
264 1693 293 1743 et
304 1689 373 1744 hanc
384 1689 492 1743 veniam
503 1691 676 1757 petimusque
687 1689 838 1756 damusque
849 1687 981 1752 vicissim;

115 1820 125 1842 ι
147 1764 204 1818 Sed
219 1780 273 1817 non
290 1768 323 1818 ut
338 1764 453 1833 placidis
471 1768 568 1818 cedant
584 1764 708 1832 immitia,
726 1780 780 1817 non
797 1767 829 1817 ut

147 1839 294 1908 Serpentes
310 1839 406 1893 avibus
422 1839 604 1912 geminentur,
622 1839 741 1908 tigribus
758 1839 829 1907 agni.

149 1914 269 1983 Inceptis
286 1914 414 1982 gravibus
431 1916 592 1984 plerumque
611 1919 640 1969 et
657 1931 755 1983 magna
770 1914 898 1982 professis

149 1990 312 2058 Purpureus,
330 1990 386 2042 late
405 1991 452 2058 qui
470 1990 620 2058 splendeat,
638 2007 708 2043 unus
726 1993 756 2044 et
772 1989 841 2043 alter
970 2002 992 2042 15

149 2065 286 2118 Adsuitur
302 2081 415 2132 pannus,
433 2081 495 2118 cum
510 2065 587 2118 lucus
604 2068 634 2119 et
650 2064 820 2134 aravDianac

149 2141 186 2194 Et
203 2140 374 2208 properantis
391 2156 487 2216 aquae·
496 2157 547 2209 per
565 2157 691 2195 amoenos
709 2141 828 2195 ambitus
846 2157 936 2208 agros,

149 2217 209 2269 Aut
226 2215 326 2270 flumen
344 2216 470 2270 Rhenum
489 2221 539 2271 aut
555 2217 663 2286 pluvius
682 2217 846 2271 describitur
863 2233 956 2281 arcus3
976 2209 984 2224 '

149 2291 205 2345 Sed
222 2308 294 2345 nunc
310 2309 365 2345 non
382 2296 443 2346 erat
460 2292 503 2345 his
520 2293 601 2345 locus.
637 2293 674 2346 Et
690 2293 805 2345 fortasse
822 2307 980 2359 cupressum

149 2366 208 2421 Scis
225 2366 365 2421 simulare:
390 2366 532 2434 quidhoc,
551 2367 574 2418 si
590 2365 687 2418 fractis
704 2369 798 2419 enatat
815 2380 912 2433 exspes
932 2378 934 2384 ¹
968 2379 992 2418 sa

148 2441 175 2494 N
176 2440 271 2495 avibus
288 2457 351 2494 aere
369 2441 435 2494 date
453 2441 500 2508 qui
517 2440 657 2510 pingiturl
694 2439 835 2508 Amphora
851 2439 938 2507 coepit

149 2516 276 2583 Institui3
298 2519 425 2570 currente
442 2519 504 2570 rota
520 2532 570 2569 cur
586 2531 688 2576 urceus
701 2515 775 2569 exiti
804 2573 807 2579 ,

148 2592 274 2661 Denique
292 2592 328 2646 sit
345 2591 453 2662 quidvis
471 2591 586 2660 simplex
604 2591 752 2656 dumtaxat,
765 2593 795 2644 et
810 2605 901 2642 unum.

148 2667 270 2721 Maxima
286 2683 350 2736 pars
362 2671 468 2735 batum,
488 2672 569 2736 pater
587 2669 616 2720 et
630 2666 747 2734 juvenes
765 2667 846 2734 patre
863 2663 947 2732 digni,

149 2743 308 2812 Decipimur
325 2743 414 2812 specie
431 2743 513 2797 recti:
536 2741 628 2797 brevis
646 2757 706 2800 esse
723 2740 824 2808 labore,
970 2753 994 2792 ss

149 2818 288 2872 Obscurus
306 2819 355 2882 fi0;
380 2821 532 2872 sectantem
549 2817 620 2871 levia
636 2817 713 2869 nervi
730 2855 732 2860 -

149 2894 288 2948 Deficiunt
305 2892 458 2960 animique;
480 2893 619 2962 professus
636 2891 752 2959 grandia
769 2892 877 2956 turget;

149 2969 243 3038 Serpit
261 2967 336 3020 humi
353 2970 430 3020 tutus
447 2967 561 3020 nimium
579 2967 747 3032 timidusque
765 2964 914 3034 procellee;

150 3044 203 3109 Qui
220 3045 325 3097 variare
341 3041 417 3110 cupit
434 3057 493 3096 rem
510 3041 701 3112 prodigialiter
717 3057 806 3108 tinam,

34 3111 41 3124 ⁹
150 3118 315 3187 Delphinum
333 3119 407 3172 silvis
424 3117 556 3188 appingit,
573 3115 701 3172 fluetibus
718 3133 822 3185 aprum.
971 3139 994 3178 30

151 3194 187 3248 ln
204 3193 301 3248 vitium
318 3195 394 3248 ducit
411 3194 508 3264 eulpae
524 3195 590 3262 fuga
607 3193 723 3247 sicaret
740 3195 808 3247 arte.
830 3269 833 3276 Ι
