2288 3444
417 167 620 218 CARMINUM
637 167 687 219 IV.
703 167 727 219 Β.
961 164 994 218 77

139 279 162 290 --
180 242 242 310 Quo
257 249 320 315 plus
337 245 446 310 Aeneas
463 263 517 317 quo
534 246 612 302 dives
629 247 724 304 Tullus
739 251 768 304 et
786 251 880 303 Ancus
969 256 993 303 rs

214 319 308 375 Pulvis
324 324 354 376 ct
370 320 468 375 umbra
485 338 585 377 sumus.

180 394 317 461 Quiescit
332 413 368 450 an
385 395 515 464 adjiciant
532 397 680 452 hodiernae
696 397 815 452 crastina
832 414 952 452 summae

214 470 347 540 Tempora
364 470 393 524 di
411 472 519 539 superii

180 543 286 599 cuneta
303 561 399 603 manus
416 546 510 600 avidas
526 547 633 616 fugient
649 547 759 602 heredis
775 547 861 602 amico

141 663 144 674 .
215 619 291 684 Quae
308 620 418 674 dederis
436 621 533 676 animo.
968 639 992 677 rc

179 693 250 749 Cum
268 696 498 751 semelooeiden's
515 700 545 752 et
562 698 597 750 de
614 700 644 752 tc
661 697 805 765 splendida
822 697 918 752 Minos

215 770 324 828 Eeccrit
341 771 462 840 arbitria,

178 844 206 898 N
208 861 251 913 on,
268 846 412 915 Torquate,
429 864 524 915 genus,
541 863 596 900 non
612 850 642 902 te
659 847 793 915 facundia,
810 863 865 901 non
881 850 912 902 te

215 921 355 976 Restituet
371 923 475 990 pietas;

180 995 299 1049 Infamia
316 1013 406 1065 neque
423 997 496 1050 enim
513 996 634 1050 tenebris
652 996 740 1050 Diana
756 996 885 1066 pudicum
968 1010 991 1048 rs

214 1070 325 1125 Liberat
344 1071 532 1141 Hippolytum,

181 1146 239 1201 Nec
256 1145 376 1200 Lethaea
391 1147 465 1200 valet
482 1146 603 1200 Theseus
619 1145 783 1215 abrumpere
800 1161 862 1200 carc

213 1219 328 1274 Vincula
346 1221 491 1276 Peirithoo.
509 1267 511 1272 .

506 1315 606 1420 'v111.
652 1323 664 1348 ’

147 1471 157 1508 .·
211 1441 355 1498 Dorsennus
372 1445 482 1512 pateras
498 1447 631 1513 grataque
649 1445 812 1513 commodus,

212 1519 366 1586 Censorine,
383 1519 451 1572 meis
466 1535 531 1573 aera
548 1519 693 1586 sodalibus,
870 1581 876 1592 ,

211 1593 349 1647 Donarem
366 1593 496 1662 tripodas,
513 1593 634 1663 praemia
650 1593 762 1648 fortium

212 1668 363 1736 Graiorum,
381 1685 470 1738 neque
486 1672 520 1723 tu
536 1668 654 1736 pessima
670 1685 812 1724 munerum

212 1744 319 1812 Ferrea,
337 1744 422 1798 divite
439 1760 484 1798 me
502 1743 605 1798 scilieet
621 1743 722 1798 artium
783 1789 797 1816 ,
850 1759 863 1782 ·
979 1757 992 1798 s

161 1853 164 1860 ι
212 1819 286 1883 Quas
303 1822 352 1873 aut
370 1817 530 1872 Parrhasius
546 1818 662 1888 protulit
678 1821 728 1872 aut
745 1818 852 1888 Scopas,

212 1893 267 1948 Hie
284 1910 357 1961 saxo,
375 1893 486 1963 liquidis
503 1893 550 1948 illo
567 1893 703 1949 coloribus

211 1969 312 2023 Sollers
328 1985 401 2023 nune
418 1969 555 2023 hominem
571 1986 681 2038 ponere,
698 1985 770 2024 nunc
788 1969 878 2024 deum.

211 2044 268 2098 Sed
283 2061 337 2098 non
353 2045 421 2098 haec
431 2045 498 2098 mihi
514 2045 563 2113 vis,
580 2062 634 2099 non
651 2046 704 2100 tibi
720 2046 818 2100 talium
886 2043 891 2050 '

212 2120 268 2174 Res
285 2123 328 2174 est
345 2123 394 2174 aut
410 2120 516 2174 animus
533 2119 691 2175 deliciarum
709 2137 799 2189 egens.
969 2135 990 2173 ro

211 2195 321 2250 Gaudes
338 2195 517 2261 carminibua;
537 2197 657 2250 carmina
673 2212 819 2271 possumus

211 2271 321 2324 Donare
338 2274 367 2324 et
384 2271 504 2339 pretinm
522 2269 613 2324 dicere
630 2272 753 2326 muneri..

212 2345 275 2399 Non
292 2345 377 2399 incisa
394 2345 467 2399 notis
483 2349 619 2400 marmora
636 2345 759 2413 publicis,

211 2420 265 2474 Per
282 2437 353 2489 quae
371 2421 483 2489 spiritus
501 2423 530 2476 et
548 2420 605 2474 vita
621 2419 696 2472 redit
712 2419 791 2472 bonis

211 2496 278 2549 Post
294 2499 411 2550 mortem
429 2496 551 2562 ducibus,
568 2510 623 2547 non
641 2493 742 2547 celeres
758 2493 839 2562 fugae
970 2506 991 2547 u

211 2569 397 2639 Rejectaeque
411 2575 564 2624 retrorsum
582 2569 744 2622 Hannibalis
761 2569 858 2637 minae,

209 2645 236 2699 N
238 2661 273 2699 on
290 2645 416 2700 incendia
434 2645 612 2714 Karthaginis
631 2644 739 2712 impiae,
889 2642 892 2648 '

209 2720 279 2788 Ejus
296 2720 344 2789 qui
360 2719 466 2774 domita
481 2736 581 2775 nomen
600 2719 637 2774 ab
655 2719 751 2774 Africa

208 2795 345 2850 humatus
362 2795 447 2850 rediit
465 2795 564 2850 clarius
581 2794 705 2849 indicant

210 2870 329 2938 Laudes,
347 2870 579 2939 quam-Calabrae
598 2869 734 2924 Pierides:
751 2883 841 2936 neque
967 2878 991 2918 aa

154 3001 159 3010 ,
208 2947 239 3002 Si
256 2947 369 3001 chartae
382 2946 480 2999 sileant
497 2945 572 3014 quod
588 2945 659 2997 bene
676 2943 774 2996 feceris
892 2941 895 2946 '

208 3021 368 3077 Mercedem
384 3019 489 3073 tuleris.
525 3016 598 3080 Quid
615 3015 688 3068 foret
706 3015 774 3066 iliae

208 3095 398 3162 Mavortisque
415 3093 484 3159 puer
501 3091 525 3143 si
542 3087 717 3141 taciturnitas

209 3171 344 3246 Obstarct
359 3165 467 3223 meritis
484 3161 576 3216 invida
594 3159 720 3214 Romulil
