2268 3448
372 163 576 214 susurrum
593 165 616 216 1.
635 168 675 226 aa,
693 168 732 214 ro.
906 187 913 204 ·
944 165 977 218 rt
1059 159 1061 164 '
1113 182 1114 202 κ

265 243 306 297 lu
321 246 425 299 frustra
441 243 504 313 pius
521 243 576 300 lieu
592 261 646 299 non
662 245 703 300 ita
719 243 855 300 creditum

299 318 392 372 Poscis
410 318 586 383 Quinctilium
604 319 678 374 deos.

266 393 368 458 Quodsi
386 395 511 449 Threicio
528 394 654 449 blandius
672 395 782 463 Orpheo

266 471 398 524 Auditum
415 471 560 525 moderere
578 470 720 525 arboribus
737 470 831 538 fidein,

266 546 329 600 Non
346 563 465 600 ranaer
502 549 548 600 eat
565 563 612 602 san
652 546 658 559 '
690 543 811 614 imagini,

300 621 387 688 Quam
498 621 619 685 semelh
696 637 713 674 a

266 695 328 750 Non
344 697 414 751 lenis
430 697 556 766 precibus
573 695 631 750 fata
647 695 791 750 recludere

266 772 351 840 Nigro
368 773 530 842 compulerit
547 769 801 840 Mercurius'gregi.

180 910 187 924 .
294 861 386 902 urum:
403 849 453 902 sed
469 848 556 902 levius
572 849 605 902 fit
621 847 754 916 patientia
798 877 802 886 .

208 954 230 1006 9
301 922 441 992 Quidquid
458 924 593 991 corrigere
610 927 655 978 est
670 923 753 978 nelaa

509 1062 600 1117 XXV.

266 1145 389 1200 Pinaros
400 1143 511 1212 junctas
528 1144 656 1214 quatiunt
672 1144 808 1199 fenestras

267 1219 372 1274 lctibus
389 1219 493 1272 crebris
506 1218 624 1286 juvenes
641 1220 769 1288 protervi,

266 1295 292 1348 N
295 1311 326 1348 ec
342 1294 394 1348 tibi
411 1311 520 1348 somnos
536 1295 669 1364 adimunt,
686 1299 815 1364 amatque

333 1370 423 1423 lanua
439 1369 529 1438 limen,

266 1445 342 1508 Quae
358 1445 435 1514 prius
452 1445 568 1500 multum
585 1445 672 1500 facilis
688 1445 816 1500 movebat

267 1520 415 1584 Cardines;
433 1521 512 1574 audis
528 1521 617 1576 minus
635 1524 665 1575 et
681 1521 771 1574 minus
783 1520 856 1588 jam:

265 1595 335 1648 “Me
352 1598 400 1648 tuo
417 1595 511 1662 longas
527 1599 661 1663 pereunte
678 1599 780 1660 noctes,

335 1669 428 1738 Lydia,
446 1669 549 1723 dormis
557 1670 587 1725 l.'’

266 1743 387 1798 Invicem
404 1744 531 1801 moechos
547 1760 616 1798 anus
633 1747 796 1812 arrogantesv

266 1818 358 1872 Flebis
374 1819 403 1872 in
422 1819 482 1882 solo
495 1815 563 1876 levis
579 1819 731 1888 angiportu,

265 1893 378 1947 Thracio
394 1893 544 1948 bacchante
561 1894 648 1962 magis
664 1893 716 1948 sub
732 1894 813 1948 inter-

332 1968 407 2022 lunia
423 1973 512 2037 venio,

266 2042 335 2096 Cum
351 2043 402 2096 tibi
419 2044 535 2111 llagmns
551 2060 629 2097 amor
645 2046 675 2098 et
691 2043 776 2098 libido

266 2117 342 2182 Quae
359 2119 428 2172 solet
444 2122 547 2172 matres
563 2119 666 2173 furiare
683 2135 813 2188 equorum

266 2193 375 2248 Saeviet
393 2195 464 2248 circa
476 2193 558 2262 jecur
573 2194 734 2262 ulcerosum,

152 2331 155 2338 .
333 2270 396 2323 Non
413 2269 471 2324 siue
488 2272 587 2338 questu

265 2344 356 2399 Laeta.
368 2345 442 2414 quod
458 2344 546 2414 pubes
562 2344 665 2400 hodera
681 2345 788 2398 virente

265 2420 391 2474 Gaudeat
407 2420 481 2488 pulla
497 2420 584 2488 magis
601 2423 684 2487 atque
701 2423 796 2488 myrto,
844 2471 847 2478 r

266 2495 367 2547 Aridus
383 2494 494 2548 frondes
510 2495 609 2548 hiemis
625 2493 711 2548 sodali

279 2585 283 2594 ’
333 2569 450 2623 Dedicet
469 2568 572 2631 llebro.

469 2689 474 2700 '
498 2711 606 2768 xxvr.

265 2795 352 2850 Musis
369 2795 471 2850 amicus
487 2796 629 2851 tristitiam
645 2799 675 2850 et
691 2797 782 2850 metus

265 2871 382 2925 Tradam
399 2871 533 2940 protervis
549 2871 579 2925 in
595 2887 672 2925 mare
690 2871 828 2925 Oreticum

298 2948 413 3001 Portare
430 2947 527 3015 ventis,
544 2947 606 3015 quis
622 2946 674 3000 sub
692 2945 778 3000 Arcto

333 3023 393 3076 llex
410 3021 518 3090 gelidae
534 3024 674 3076 metuatur
690 3037 762 3089 orae,

264 3096 337 3162 Quid
354 3097 494 3152 Tiridaten
511 3099 621 3151 terreat
632 3096 711 3150 unice

263 3172 387 3228 Secvuus.
421 3173 454 3242 0,
471 3171 679 3244 quaesentibus
695 3172 810 3240 integris
