2276 3448
151 177 197 228 lto
422 177 576 226 HORATII
593 178 722 226 nusum
1094 226 1098 234 ,

150 258 207 312 Gur
223 259 288 327 eget
304 257 431 327 indignus
448 259 591 327 quisquam
608 261 638 313 te
655 257 761 312 divitol
797 259 887 322 Quiane
926 264 928 268 ’

150 332 260 402 Templa
277 338 360 387 ruunt
377 333 489 402 antiqua
506 334 607 388 deumi
644 333 707 398 Gur,
724 333 854 401 improbe,
871 351 950 389 carae

150 407 176 461 N
177 424 212 460 on
229 408 332 475 aliquid
349 409 454 476 patriae
471 412 549 462 tauto
567 407 687 462 emetiris
704 409 818 462 acervo?
962 425 998 466 me

150 481 204 535 Uni
221 483 347 536 nimirum
364 486 439 538 recte
455 482 506 544 tibi
525 499 634 553 semper
651 485 732 536 erunt
748 499 800 538 res.

150 556 173 609 Ο
191 573 304 624 magnus
321 557 432 626 posthae
449 557 563 612 inimicis
580 558 667 610 risus!
685 557 688 562 “
703 556 810 612 Uterue

149 631 197 684 Ad
213 649 291 685 casus
308 632 404 685 dubios
422 632 490 684 fidet
506 631 558 684 sibi
576 630 694 685 certiusl
730 631 786 684 Hie
802 632 854 700 qui-

149 705 277 760 Pluribus
294 707 416 760 adsuerit
432 710 553 761 mentem
571 721 723 775 corpusque
741 706 896 775 superbum,

149 781 195 835 An
213 781 259 850 qui
276 784 419 835 contentus
436 797 520 849 parvo
537 784 717 848 metuensque
733 781 819 833 futuri
960 796 995 837 no

150 855 184 908 In
200 871 267 924 pace
283 860 315 910 ut
333 856 441 925 sapiens
458 857 559 925 aptarit
575 853 673 909 idonea
690 855 782 908 bellot

149 929 208 992 Quo
225 932 311 998 magis
328 931 372 984 his
388 931 491 997 credas,
509 947 577 1000 puer
589 930 667 983 ¹hune
684 946 734 1006 ogo
750 946 851 998 parvus
869 929 985 984 Ofellam

149 1005 268 1073 Integris
285 1005 381 1073 opibus
398 1007 460 1060 novi
477 1021 531 1058 non
548 1005 630 1058 latius
648 1021 727 1058 usum

149 1079 236 1143 Quam
252 1097 324 1134 nunc
341 1081 440 1135 accisis.
474 1080 578 1134 Videas
595 1083 699 1134 metato
716 1079 746 1132 in
763 1079 849 1146 agello

63 1145 78 1171 ⁴
149 1155 217 1208 (ium
234 1171 330 1224 pecore
347 1159 376 1209 et
392 1154 742 1223 gnatisfortemmercede
758 1154 889 1221 colonum,
957 1169 993 1210 11⁵

148 1228 163 1255 “
170 1229 196 1282 N
197 1245 232 1282 on
249 1231 322 1297 cgo,’'
333 1234 497 1296 narrantem,
511 1230 637 1283 “temere
655 1225 700 1304 edi
718 1228 778 1282 luce
795 1229 916 1297 profesta
986 1291 989 1296 ¹

149 1302 302 1372 Quidquam
319 1308 429 1372 praeter
445 1305 504 1357 olus
521 1304 642 1357 firmosae
658 1319 720 1357 cum
737 1303 808 1372 pede
824 1321 931 1372 pernae.

148 1379 191 1431 Ae
207 1378 273 1430 mihi
290 1395 339 1432 seu
355 1379 465 1446 longum
481 1381 546 1446 post
561 1382 670 1446 tempus
687 1382 801 1432 venerat
817 1378 922 1446 hospes,

148 1451 211 1507 Sive
227 1469 338 1522 operum
356 1469 439 1507 vacuo
455 1456 551 1521 gratus
568 1453 679 1507 conviva
695 1469 746 1521 per
762 1452 878 1506 imbrem

121 1525 123 1528 ’
147 1525 266 1594 Vicinus,
283 1527 353 1582 bene
371 1531 431 1581 erat
449 1544 501 1581 non
518 1527 638 1595 piscibus
654 1527 723 1582 urbe
740 1528 843 1597 petitis,
956 1542 992 1584 tat
1043 1583 1047 1590 ,

148 1603 202 1656 Sed
218 1603 292 1672 pullo
309 1607 392 1672 atque
409 1603 511 1668 haed03
528 1607 587 1656 tum
604 1603 716 1672 pensilis
732 1619 786 1656 uva
802 1601 934 1656 secundas

148 1678 184 1731 Et
200 1695 256 1732 nux
273 1678 386 1732 emebat
403 1694 509 1731 mensas
526 1694 588 1730 cum
605 1677 713 1746 duplice
729 1677 790 1732 ficu.

149 1753 214 1806 l‘ost
230 1754 281 1807 hoc
297 1753 378 1806 ludus
396 1757 456 1806 crat
472 1753 551 1820 culpa
567 1755 664 1820 potare
681 1751 820 1820 magistra,

147 1829 189 1880 Ac
206 1832 334 1882 venerata
351 1828 435 1882 Ocres
452 1828 492 1880 ita
509 1826 597 1880 culmo
615 1831 740 1894 surgeret
756 1827 819 1893 alto,

147 1901 283 1969 Explicuit
297 1902 361 1956 'vino
377 1904 531 1955 contractae
549 1901 621 1955 scria
636 1902 752 1956 frontis
956 1915 1006 1956 tre.

147 1975 254 2029 Saeviet
271 1979 354 2042 atque
370 1992 453 2029 novos
469 1979 578 2029 moveat
596 1977 718 2030 Fortuna
735 1975 875 2041 tumultus,

146 2050 283 2114 Quantum
291 2051 353 2103 hinc
361 2050 520 2104 imminuet?
536 2050 644 2114 Quanto
650 2056 697 2103 aut
705 2066 756 2118 ego
762 2051 870 2118 parcius
878 2052 927 2104 aut
933 2066 989 2118 vos,

145 2123 169 2176 0
187 2125 272 2192 pueri,
289 2124 408 2178 nituisti·
424 2128 457 2178 ut
473 2125 526 2178 huc
543 2141 628 2178 novus
644 2125 732 2177 inmla
748 2125 842 2177 ueniti
910 2189 914 2200 1

145 2198 216 2251 Nam
232 2199 357 2268 propriae
374 2199 480 2253 telluris
497 2200 594 2253 herum
610 2203 709 2254 natura
726 2215 816 2267 neque
832 2198 913 2250 illuml

144 2273 203 2326 Nec
220 2289 264 2328 me
279 2289 329 2328 nee
346 2273 704 2348 quemquam‘statuitz-lnos
722 2273 826 2340 expulit
842 2273 903 2338 ille;
955 2287 990 2329 tao

145 2347 227 2402 Illum
243 2353 291 2403 aut
307 2349 442 2418 nequities
459 2353 507 2403 aut
524 2348 593 2402 uafri
609 2349 717 2402 inscitie
729 2348 809 2416 juris,

145 2423 315 2478 Postremum
333 2424 452 2492 expellet
469 2426 544 2477 corte
560 2423 678 2477 vivacior
696 2423 783 2477 heres.
852 2421 856 2427 '

143 2497 169 2549 N
171 2514 223 2552 une
239 2515 305 2566 agor
322 2498 455 2551 Umbreni
472 2499 523 2552 sub
539 2498 659 2566 nomine,
671 2513 760 2567 nuper
778 2497 882 2551 Ofellae

143 2568 246 2639 Dictus,
264 2573 318 2625 erit
334 2572 400 2623 nulli
418 2573 549 2639 proprius,
568 2573 619 2626 sed
635 2572 717 2626 cedet
732 2573 761 2625 in
778 2588 857 2624 usum

142 2645 168 2697 N
171 2662 223 2698 unc
240 2645 307 2698 mihi
323 2659 395 2697 nune
412 2645 464 2698 alii.
500 2646 631 2708 Quocirca
647 2646 731 2701 vivite
747 2646 833 2698 fortes
953 2657 988 2700 ω

143 2717 291 2786 Fortiaque
307 2717 427 2771 adversis
444 2720 576 2786 opponite
590 2723 702 2788 pectora
718 2720 821 2774 rebus?

537 2851 594 2905 ΙΙΙ.

141 2932 210 2985 “sm
226 2949 288 2987 raro
305 2935 407 3004 scribis,
424 2939 456 2990 ut
473 2941 531 2990 toto
549 2955 602 2990 non
620 2944 718 3007 quater
734 2958 805 2996 anno
823 2973 829 2989 ι

141 3005 327 3061 llombmuam
344 3027 445 3077 posces,
464 3014 623 3079 seriptoium
641 3031 766 3082 quaeque
783 3020 920 3088 retexens,

142 3078 233 3150 Iratus
251 3081 302 3133 tibi
320 3084 394 3148 quod
410 3085 466 3136 vini
485 3087 624 3153 somnique
641 3087 775 3156 benignus

141 3150 188 3203 Nil
206 3152 316 3219 murium
334 3172 455 3210 sermone
473 3175 559 3216 cattas.
594 3160 667 3222 Quid
683 3162 750 3215 freti
784 3166 826 3218 At
842 3165 910 3233 ipsis
985 3185 988 3192 ·
