2276 3448
406 180 618 230 SATIRARUM
634 179 670 227 II.
692 181 725 238 6.,
949 177 993 228 151

149 263 214 318 Sive
233 257 334 330 Aquilo
351 260 426 315 radit
442 263 530 314 terras
547 277 594 314 sau
611 259 713 312 bruma
723 255 841 312 nivalem

151 338 287 391 interiore
304 336 378 389 diem
394 353 460 405 gyro
477 336 569 403 trahit,
587 337 628 390 irc
644 351 754 390 necesse
774 337 824 389 est.
888 387 893 396 ,

152 411 306 478 Postmodo,
325 410 399 479 quod
415 411 452 462 mi
470 409 540 463 obsit
558 411 630 463 clare
647 414 805 478 certumque
822 410 918 478 locuto,

151 484 324 539 Luctandum
340 485 368 537 in
385 483 466 537 turba
484 487 513 536 et
529 483 652 537 facienda
668 484 772 552 injuria
786 484 880 537 tardis.

151 559 247 624 “Quid
263 559 312 624 ris,
323 559 423 625 insane,
441 562 470 612 et
487 575 554 626 quas
572 575 616 611 res
634 559 691 625 agis
700 558 724 611 l¹’
744 558 881 625 improbus
898 560 979 623 urget

152 633 236 687 iratis
253 632 392 701 precibus;
410 634 462 684 “tu
479 633 568 701 pulses
586 649 664 686 omne
682 632 755 700 quod
773 633 870 698 obstat,
970 647 993 686 so

152 708 201 760 Ad
218 707 404 760 Maecenatem
422 707 534 759 memori
552 706 574 758 si
592 710 682 760 mente
700 722 823 759 recurras
832 707 856 760 l’
1006 765 1012 776 ,

153 782 214 834 iloc
227 781 307 848 juvat
324 784 353 833 et
369 779 443 834 melli
461 783 518 845 est;
535 797 588 834 non
606 780 729 834 mentiar.
764 782 805 834 At
822 780 902 833 simul
919 783 992 834 atras

104 895 106 902 .
156 852 274 908 Ventum
291 858 334 908 cst
351 853 485 922 Esquilias
502 855 589 908 aliena
606 855 714 922 negotia
730 859 838 908 centum

153 928 207 982 Por
224 933 305 998 eaput
322 933 352 983 et
368 929 439 982 circa
456 929 556 982 saliunt
572 929 651 982 letus.
686 929 785 982 “Ante
802 929 947 982 secundam

153 1003 266 1058 Roscius
280 1003 379 1057 orabas
396 1003 447 1056 sibi
465 1003 575 1056 adesses
591 1003 628 1055 ad
645 1001 742 1056 Puteal
759 1004 840 1057 crss.’'
969 1018 993 1058 ιε

153 1077 218 1131 “De
236 1095 266 1130 rc
282 1078 415 1131 communi
432 1077 537 1130 scribac
553 1093 650 1143 magna
666 1079 749 1144 atque
765 1093 833 1130 nova
849 1081 878 1131 te

141 1151 276 1206 'Orabant
292 1151 374 1204 hodio
391 1151 565 1218 meminisses,
585 1151 693 1218 Quinte,
711 1151 833 1205 reverti?²

152 1227 319 1294 “Imprinmt
335 1226 378 1279 his
395 1241 460 1278 cura
477 1226 620 1278 Maecenas
637 1225 713 1293 signa
729 1225 858 1279 tabellis.'.’
945 1263 948 1270 .

153 1299 269 1368 Dixeris,
282 1300 297 1327 “
305 1300 435 1368 Experiar
443 1300 464 1354 :''
482 1299 533 1353 “si
550 1300 599 1367 vis,
611 1301 711 1368 potes,’'
724 1300 802 1355 addit
818 1305 848 1355 et
865 1302 957 1356 instat.

153 1375 291 1443 Septimus
308 1379 400 1428 octavo
416 1374 526 1443 propior
538 1373 597 1442 jam
614 1375 716 1442 fugerit
732 1391 818 1429 annus
968 1393 992 1431 rs

152 1450 196 1503 Ex
213 1465 266 1517 quo
284 1449 426 1502 Maecenas
442 1465 487 1502 me
504 1449 595 1517 eoepit
610 1449 710 1503 habere
727 1467 835 1504 suorum

152 1523 188 1577 In
204 1540 330 1588 numero;
347 1523 490 1576 dumtaxat
507 1523 616 1591 adhoc,
634 1539 715 1591 quem
732 1524 828 1576 tollere
845 1525 931 1578 rheda

151 1597 245 1651 Vellet
263 1597 432 1651 iterfaciens
449 1599 480 1650 et
496 1597 539 1650 cui
557 1597 719 1650 concredere
736 1613 821 1664 nugas

152 1673 214 1726 Hoc
224 1687 317 1739 genus:
326 1673 340 1699 “
347 1673 423 1724 Hora
432 1675 514 1740 quota
521 1674 576 1726 esti
595 1671 684 1724 Thrax
694 1676 736 1724 est
743 1672 848 1724 Gallina
854 1671 922 1740 Syro
929 1675 992 1742 pari

151 1746 289 1800 Matutino
304 1761 400 1813 parum
416 1749 510 1799 cautos
522 1745 582 1812 jam
598 1746 700 1812 frigora
716 1746 843 1798 mordent
851 1746 872 1810 ;’'
967 1763 991 1802 rs

151 1821 190 1872 Et
207 1836 276 1888 quae
294 1820 392 1873 rimosa
408 1819 479 1872 benc
497 1819 670 1888 deponuntur
686 1819 715 1873 in
732 1835 804 1874 aure.

151 1893 207 1946 Per
222 1897 312 1946 totum
329 1894 379 1946 hoc
395 1897 504 1961 tempus
522 1893 668 1960 subjectior
684 1894 713 1946 in
730 1893 804 1947 diem
821 1893 963 1948 ethoram

152 1967 276 2021 Invidiae
292 1971 392 2021 noster.
427 1967 519 2034 Ludos
537 1971 705 2036 spectaverat
722 1983 782 2036 una,

151 2041 268 2096 Luserat
284 2043 313 2095 in
331 2042 444 2108 Campo:
463 2041 601 2096 Fortunae
618 2043 706 2096 filius!
726 2059 824 2098 omnes.

151 2116 280 2184 Frigidus
297 2133 314 2169 a
331 2115 438 2170 Rostris
453 2120 547 2170 manat
563 2133 614 2186 per
630 2118 746 2184 compita
762 2134 868 2174 rumor:
968 2133 992 2172 so

151 2190 310 2258 Quicunque
327 2189 422 2243 obvius
440 2194 484 2244 est
499 2207 544 2244 me
561 2192 689 2245 consulit:
707 2191 753 2246 “0
771 2191 848 2260 bone,
866 2207 929 2246 nam
945 2196 975 2246 te

51 2307 53 2310 .
151 2265 226 2318 Scire
243 2265 309 2318 deos
326 2265 450 2333 quoniam
467 2268 578 2333 propius
594 2266 867 2332 eontingisoportet;

151 2339 292 2407 Numquid
308 2339 343 2392 do
361 2339 442 2392 Dacis
459 2339 560 2392 audisti
569 2339 594 2392 l”
619 2339 689 2391 “Nil
707 2339 855 2406 equidem?
881 2341 944 2394 “Ut
960 2344 992 2394 tu

151 2415 266 2481 Semper
283 2414 336 2466 eris
348 2413 458 2470 ,derisor
468 2413 491 2466 Ψ
521 2415 585 2466 “At
602 2429 695 2466 omnes
712 2413 741 2464 di
759 2415 898 2479 exagitent
914 2430 958 2467 me

149 2489 180 2541 Si
197 2481 365 2556 qmdquam.’'
395 2486 495 2554 “Quid,
506 2486 638 2540 militibus
654 2487 788 2554 promissa
805 2487 950 2555 Triquetra
967 2503 992 2542 55

150 2561 268 2616 Praedia
285 2562 385 2615 Caesar
401 2578 437 2614 an
454 2565 498 2615 cst
516 2561 588 2615 Itala
604 2560 702 2614 tellure
720 2559 867 2616 datumsl''

149 2636 294 2692 Jurantem
308 2653 356 2715 sne
374 2637 442 2690 scire
459 2635 526 2690 nihil
542 2636 677 2689 mirantur
694 2639 726 2690 ut
742 2653 827 2690 unum

150 2710 259 2764 Scilicet
275 2710 377 2778 egregii
393 2711 535 2764 mortalem
551 2710 654 2778 altique
672 2710 768 2764 silenti.

149 2783 280 2838 Perditnr
295 2785 362 2838 haec
378 2785 450 2839 iuter
466 2785 565 2839 misero
582 2785 629 2838 lux
647 2801 701 2838 non
720 2785 778 2838 sine
795 2783 879 2839 votis:

149 2859 175 2911 0
192 2873 246 2924 rus,
258 2858 366 2926 quando
384 2863 481 2926 cgote
498 2859 664 2928 adspiciaml
683 2859 846 2926 quandoque
859 2858 952 2913 licebit
968 2875 992 2915 co

145 2931 229 2988 -Nunc
246 2936 369 2986 veterum
387 2932 469 3000 libris,
487 2949 558 2985 nune
576 2949 668 2984 somno
686 2937 716 2986 et
733 2933 867 2986 inertibus
885 2933 958 2988 horis

148 3005 257 3059 Ducere
275 3007 404 3059 sollicitae
418 3005 540 3072 jucunda
557 3005 655 3058 oblivia
672 3006 765 3060 vitael

149 3080 174 3130 Ο
191 3081 300 3148 quando
317 3080 381 3132 laba
399 3079 567 3146 Pythagorae
584 3083 699 3145 cognata
716 3079 849 3146 simulque

149 3153 240 3207 Uncto
256 3153 324 3206 satis
339 3154 433 3220 pingui
450 3155 586 3219 ponentur
602 3153 721 3204 oluscula
737 3153 833 3207 lardol
