2288 3444
365 175 602 244 ‘unumunurn
617 193 672 242 111.
690 195 729 243 29.
932 186 992 244 'or-

278 272 460 328 Fastidiosem
477 275 575 328 desere
592 273 697 340 coptam
714 275 744 327 et

277 346 379 403 Molem
395 348 576 417 propinquam
592 347 711 401 nubibus
728 347 838 414 arduis3
964 364 987 404 ro

312 421 416 476 Omitte
432 422 527 476 mirari
543 422 642 476 beatae

345 496 461 550 tuntum
480 501 510 551 et
527 513 592 566 opes
610 497 809 566 strepitumque
827 498 934 554 Romae.

278 571 441 640 Plerumque
458 574 555 640 gratae
572 571 705 626 divitibus
722 572 801 639 vioes,

277 646 453 716 Mundaeque
469 663 554 716 pnrvo
571 645 623 700 sub
640 645 698 700 lare
713 661 863 716 pauperum

311 721 416 776 (leenae
434 722 492 776 sine
508 722 610 777 errleeis
627 725 657 776 et
673 725 747 776 ostro
967 739 988 778 15

344 796 491 850 Sollicitam
508 797 662 864 explicuero
678 797 805 852 frontem.

276 871 342 925 Jem
358 871 446 924 clerus
463 871 598 925 oecultum
617 871 811 926 Andromedae
827 877 906 940 pater

277 945 406 1000 Ostendit
422 946 522 1013 ignem,
535 945 595 1014 J‘em
614 947 735 1014 Proeyon
750 945 819 1001 furit

311 1021 349 1075 Ilt
366 1019 445 1074 stella
461 1021 554 1074 veneni
572 1019 679 1086 Leonis,

294 1155 297 1162 ‚
345 1095 408 1149 Sole
425 1094 484 1150 dies
501 1096 638 1150 referente
655 1096 755 1152 niueos:

160 1145 162 1152 ,
275 1169 340 1224 Jam
357 1173 451 1238 pastor
468 1170 580 1224 umbras
597 1187 659 1226 eum
675 1188 759 1240 grege
775 1171 905 1243 languido

276 1245 430 1314 Rivumque
447 1245 535 1298 lessus
552 1246 661 1316 quaerit
678 1250 707 1300 et
724 1249 828 1302 horridi

310 1320 431 1374 Dumete
448 1319 557 1388 Silvani,
575 1325 705 1389 curetque
844 1349 847 1356 ι

344 1395 416 1463 Ripa
433 1395 509 1463 vagis
525 1395 663 1450 taciturna
679 1397 775 1452 ventis.
866 1399 869 1406 ’

275 1469 317 1524 Tu
333 1469 472 1523 civitatem
489 1470 550 1538 quis
568 1469 664 1525 deceat
681 1475 770 1526 status
918 1469 921 1476 ’

276 1543 369 1611 umes,
386 1547 417 1598 et
433 1543 504 1597 Urbi
522 1544 651 1598 sollicitus
668 1545 749 1598 times

310 1617 384 1682 Quid
401 1618 480 1672 Seres
497 1620 527 1672 et
543 1622 658 1686 regnate
675 1619 745 1686 Cyro

345 1692 446 1746 Baetra
462 1695 560 1762 parent
578 1693 730 1762 Tanaisque
747 1694 858 1752 disere

179 1813 181 1818 .
276 1759 402 1822 Prudens
417 1767 504 1822 firtnri
521 1768 652 1836 temporis
670 1769 773 1825 exitum

276 1843 430 1910 caliginose
445 1845 526 1897 noete
542 1843 644 1912 premit
660 1843 736 1912 deus,

310 1918 449 1987 Ridetque
466 1918 489 1971 si
505 1915 627 1972 mortalis
640 1919 714 1972 ultra

346 1994 401 2047 Ilus
416 1993 545 2062 trepidet.
580 1994 660 2058 Quod
677 1995 757 2050 adest
773 2002 911 2054 memento

277 2069 445 2136 Componere
462 2084 580 2137 eequus3
597 2073 691 2123 cetere
708 2070 827 2127 fluminis

276 2143 344 2197 Ritu
359 2143 493 2212 feruntur,
509 2159 582 2198 nuno
599 2145 690 2198 medio
707 2161 826 2213 aequore

311 2219 380 2273 oum
396 2235 463 2286 paee
481 2217 634 2273 delabentis
652 2219 798 2287 Etruscum

344 2294 379 2346 In
395 2309 478 2362 mare,
495 2309 567 2347 nune
583 2294 688 2362 lapides
705 2296 802 2349 adesos

166 2341 173 2364 ⁸
276 2367 434 2437 stirpesque
451 2372 544 2438 raptas
561 2372 591 2422 et
606 2385 689 2440 pecus
707 2373 736 2423 et
753 2371 849 2426 domus

276 2443 418 2497 Volventie
434 2459 490 2497 una
506 2459 561 2496 non
579 2443 637 2496 sine
653 2444 788 2500 montium
845 2459 849 2466 “

310 2518 434 2572 Clamore
450 2517 608 2584 vicinaeque
625 2517 717 2584 silvae,
784 2523 788 2531 ’

343 2593 413 2646 (lum
429 2593 489 2646 fere
505 2592 622 2646 diluvies
639 2593 746 2660 quietos

276 2666 373 2722 Irritet
389 2683 490 2720 amnes.
525 2667 577 2720 Ille
594 2670 691 2735 potens
709 2668 751 2721 sui

57 2795 61 2802 ,
158 2797 194 2810 ,,
275 2741 431 2810 Laetusque
448 2741 539 2810 deget,
552 2741 596 2795 eui
613 2742 678 2796 licet
694 2743 722 2796 in
740 2744 813 2800 diem

309 2817 419 2870 Dixisse
436 2816 519 2870 Vixi:
536 2833 595 2870 ores
612 2817 656 2870 vel
674 2828 735 2870 atra

343 2891 425 2944 Nube
441 2891 534 2958 polum
552 2891 636 2943 Pater
653 2895 784 2959 occupato

275 2963 330 3019 Vel
347 2965 403 3018 sole
419 2981 506 3033 puro;
522 2981 576 3017 non
593 2968 686 3016 temen
703 2961 812 3018 irritum

275 3040 461 3108 Quodcunque
478 3042 553 3092 retro
570 3041 614 3091 est
631 3038 736 3104 efficiet,
753 3053 842 3108 neque

308 3113 440 3182 Diffinget
455 3113 641 3179 infectumque
658 3111 758 3165 reddet

344 3187 425 3254 Quod
439 3187 548 3253 fugiens
564 3185 648 3238 semel
664 3184 731 3239 hore
746 3185 829 3240 vexit.
