2276 3448
399 204 653 254 EPISTOLARUM
670 206 692 255 1.
713 208 749 256 12.
951 208 996 259 173

153 285 228 342 Dum
244 285 311 341 licet
327 301 359 340 ac
375 285 480 338 vultum
498 288 590 340 servat
608 284 731 342 Fortuna
747 282 902 357 benignum,
974 305 998 344 so
1014 301 1041 344 ·.

154 362 259 416 Romae
275 353 403 415 laudetur
421 360 515 414 Samos
532 365 561 414 ot
580 361 661 415 Chios
678 363 709 416 ot
730 361 841 417 Rhodos
858 365 963 418 absens

153 437 196 491 'lu
213 451 400 505 quamcunquo
418 436 487 488 dous
504 435 555 488 tibi
572 436 752 492 fortunaverit
768 437 862 492 horam

154 512 241 566 Grata
258 528 334 564 sume
351 527 441 576 manu,
458 527 511 564 neu
530 510 619 564 dulcia
636 511 716 566 differ
732 512 761 566 in
778 517 886 582 annum3

153 585 195 640 Ut
212 601 372 654 quocunque
389 580 447 638 loco
463 585 548 638 luens
566 586 665 640 vixisse
682 586 800 641 libenter

154 660 193 714 'l'o
210 661 299 725 dicas;
316 676 379 712 nam
397 659 419 712 si
437 659 508 712 ratio
525 663 555 713 et
571 661 717 728 prudentio
734 678 820 730 curas,
975 679 999 719 ss

153 734 180 789 N
182 752 216 788 on
234 735 308 788 locus
326 735 403 789 effusi
418 734 475 788 late
492 735 575 787 muris
593 735 696 789 arbiter
713 738 811 804 aufert,

117 845 126 862 .
154 811 265 864 Caelum
282 827 335 863 non
353 810 471 863 smmum
490 814 599 864 mutant
616 811 662 879 qni
679 815 756 865 trans
773 818 849 866 mar'e
866 807 986 867 currunt.

153 886 271 940 Strenua
287 901 337 938 nos
354 895 464 939 exercet
480 885 592 940 inertia:
610 885 725 939 navibus
743 891 828 956 atquo

154 961 298 1027 Quadrigis
315 961 434 1028 petimus
451 961 522 1013 bene
539 961 636 1015 vivere.
672 962 752 1024 Quod
769 963 841 1030 petis
858 961 903 1017 hic
921 967 970 1029 cst,

153 1035 204 1090 Est
221 1035 341 1102 Ulubris,
359 1035 465 1088 animus
483 1035 507 1088 si
523 1039 553 1089 te
570 1052 624 1089 non
642 1036 736 1090 delicit
753 1053 863 1104 aequus.
975 1055 999 1092 ss

151 1260 312 1315 Panormus
331 1258 470 1328 Agrippae
487 1258 584 1313 Siculis
602 1275 669 1327 qnos
686 1260 798 1331 colligis,
816 1262 880 1331 Ioci,

154 1336 183 1390 Si
200 1341 275 1390 recte
291 1335 390 1388 frueris
407 1351 461 1387 non
479 1338 522 1388 est
538 1339 571 1386 ut
588 1336 665 1402 copia
681 1336 771 1404 major

153 1411 200 1465 Ab
217 1411 288 1465 Jove
307 1409 402 1463 donari
419 1409 507 1478 possit
524 1410 582 1462 tibi.
618 1410 692 1463 Tollo
710 1412 849 1479 querelas:

110 1541 115 1552 ,
153 1487 261 1556 Pauper
278 1487 351 1539 enim
368 1501 422 1538 nou
440 1488 484 1538 est
500 1485 544 1538 cui
562 1487 793 1554 rerumsnppotit
810 1479 889 1539 uszs'
913 1497 917 1504 '

152 1563 182 1616 bi
201 1562 290 1616 ventri
307 1561 383 1628 bene,
402 1560 424 1612 si
441 1559 521 1626 lateri
540 1563 583 1612 ost
600 1559 771 1627 pedibusque
788 1562 852 1628 tuis,
870 1561 908 1614 nil
969 1579 998 1632 ¹o

152 1636 272 1691 Divitiae
289 1639 421 1705 poterunt
438 1635 543 1702 regales
560 1634 663 1687 addere
681 1634 776 1701 majus.

101 1711 105 1717 ’
153 1712 182 1765 Si
199 1713 270 1765 forte
287 1713 316 1763 in
335 1711 424 1766 medsso
442 1710 590 1777 positorum
608 1709 756 1762 abstemius
772 1708 868 1763 herbis

152 1785 230 1839 Vivis
246 1790 275 1840 ct
292 1788 387 1850 urtica,
406 1785 443 1837 sie
460 1785 534 1838 vives
551 1784 675 1852 protinus
692 1788 724 1837 ut
742 1788 771 1838 te

153 1861 302 1914 Confestim
320 1859 440 1929 liquidus
459 1859 595 1913 Fortunae
612 1859 686 1912 rivus
703 1859 825 1926 inauret;

152 1935 205 1989 Vel
223 1937 288 2006 quia
304 1942 430 1989 naturam
447 1939 553 1988 mutare
571 1935 686 2002 pecunia
703 1935 798 2003 nescit,
976 1949 999 1988 io

153 2011 206 2064 Vel
223 2013 288 2080 quia
304 2014 400 2064 cuncta
416 2014 496 2078 putas
513 2027 567 2062 uris
584 2011 686 2064 virtute
703 2011 814 2063 minora.

153 2085 285 2140 Miramur
302 2085 325 2138 si
343 2084 492 2138 Democriti
509 2101 592 2154 pecus
609 2085 667 2138 edit
684 2085 785 2152 agellos
842 2153 844 2158 Ι

153 2162 287 2230 Cultaque
304 2161 370 2213 dum
387 2176 500 2228 peregre
518 2164 560 2213 cst
577 2161 682 2214 animus
699 2161 757 2214 sine
775 2168 887 2230 corpore
903 2159 997 2225 velox,

153 2237 222 2290 Cuia
239 2241 272 2289 tu
288 2235 361 2304 inter
379 2234 495 2288 scabiem
513 2237 617 2290 tantam
636 2240 666 2288 ot
682 2235 806 2303 contagia
823 2235 891 2288 lucri

152 2312 200 2366 Nil
217 2328 330 2381 parvum
347 2311 436 2378 sapias
453 2313 482 2363 et
499 2310 588 2363 adhuc
605 2309 730 2363 sublimia
747 2325 837 2363 cures:
976 2326 997 2366 15
1065 2345 1069 2356 ι

153 2388 229 2451 Quae
246 2403 321 2440 mare
338 2388 508 2454 compescant
525 2401 627 2450 coiisse,
647 2384 714 2452 quid
731 2388 868 2452 temperet
888 2402 996 2455 anniam,

147 2463 253 2516 Stellae
271 2464 368 2530 sponte
386 2477 435 2513 sua
447 2458 575 2527 jussaene
593 2462 772 2526 vagentur-et
789 2464 904 2520 errent

152 2538 225 2602 Quid
241 2540 349 2607 promat
366 2535 509 2589 obscurum
527 2533 614 2602 lunae,
631 2533 699 2602 quid
715 2534 837 2604 proferat
853 2534 954 2600 orbem,

152 2613 225 2677 Quid
241 2611 308 2666 velit
325 2615 355 2666 et
372 2610 458 2680 possit
474 2625 567 2663 rerum
585 2609 728 2663 concordia
745 2609 856 2677 discors,

150 2687 330 2758 Empedocles
347 2703 382 2740 an
401 2686 560 2740 Stertinium
578 2685 677 2740 deliret
695 2701 815 2740 acumen
975 2700 999 2738 so

150 2763 256 2818 Verum
274 2779 323 2817 seu
339 2763 426 2831 pisces
444 2777 492 2814 scu
508 2777 618 2828 porrum
636 2763 665 2814 ct
682 2777 764 2829 caepe
780 2759 902 2814 trucidas

148 2839 238 2894 Utere
256 2837 385 2906 Pompeio
403 2835 533 2905 Grospho,
551 2836 620 2889 etsi
638 2835 705 2904 quid
721 2839 798 2903 petet
815 2835 887 2887 ultro

149 2914 252 2980 Deser3
269 2913 307 2966 nil
326 2911 466 2980 Grosphus
483 2911 536 2962 nisi
553 2926 648 2963 verum
665 2910 755 2963 orabit
772 2913 802 2963 et
818 2904 941 2977 aequum.

149 2990 221 3044 Vilis
239 2989 386 3042 amicorum
404 2989 447 3040 est
464 3001 570 3039 annona
587 2985 665 3036 bonis
682 2983 731 3037 ubi
748 2983 816 3052 quid
834 2984 917 3038 deest.

148 3065 176 3120 N
177 3083 193 3120 c
210 3068 304 3120 tamen
321 3065 428 3130 ignores
446 3076 500 3128 quo
518 3061 554 3112 sit
572 3059 694 3112 Romana
710 3059 768 3112 loco
785 3075 843 3114 res:
973 3073 996 3114 ss

149 3139 289 3196 Cantaber
307 3137 454 3205 Agrippae,
473 3134 570 3189 Claudi
588 3134 689 3186 virtute
707 3132 824 3186 Neronis

35 3244 38 3250 ¹
149 3214 300 3272 Armenius
316 3213 430 3276 cccidit;
445 3209 493 3279 jus
510 3209 706 3278 imperiumque
726 3208 861 3270 Phraates
