2288 3444
150 159 197 208 120
416 155 571 207 nonam
588 155 718 211 umber

151 238 198 292 Ad
208 235 333 300 'mediam
350 229 458 290 noctem
476 240 618 304 exspecto:
637 251 747 296 semum
763 239 856 292 tamen
872 239 962 293 arricrt

150 313 290 366 latentem
309 312 418 375 veneri;
436 314 496 366 tum
512 311 652 366 immundo
671 311 774 368 somnia
791 308 852 366 visu
1065 299 1076 320 ⁹

150 387 316 441 Nocturnum
334 389 438 440 vestem
450 387 592 440 'maculant
609 391 787 455 ventremque
805 389 938 454 supinum
971 402 1000 444 8⁵

149 462 285 528 Quattuor
302 461 364 514 hine
380 460 501 530 rapimur
518 461 614 528 viginti
631 466 661 516 et
678 461 763 519 millia
779 463 880 530 rhedis,

149 536 273 590 Mansuri
290 535 418 604 oppidulo
436 535 510 604 quod
527 553 609 588 versu
626 535 718 590 dicere
735 553 788 590 nou
807 543 857 604 est,

149 612 238 679 Signis
255 610 382 680 perfacile
400 614 460 664 est.
453 628 459 643 ·
431 611 555 664 ttveni
572 611 703 664 vilissima
719 627 813 664 rerum

149 687 203 740 Hic
220 703 308 755 aqua;
325 683 374 738 sed
391 685 469 753 panis
486 685 550 751 long
532 702 566 738 ae
584 685 850 753 pulcherrimast
808 686 882 742 ultra

149 761 269 815 Callidus
285 765 318 814 ut
335 760 421 814 soleat
439 759 559 814 humeris
576 763 686 827 portare
703 761 808 844 viator3
971 777 999 818 aa

148 837 174 890 N
176 853 220 890 am
239 835 338 890 Canusi
354 835 500 902 lapidosus,
519 851 606 902 aquae
623 851 678 888 non
695 823 780 893 ditiori
798 853 866 890 urna

149 912 202 976 Qui
219 912 293 965 locus
309 927 327 964 a
343 911 413 964 forti
426 910 558 964 Diomede
576 913 620 964 est
636 909 762 964 conditus
779 911 851 964 olim,

148 986 292 1041 Flentibus
309 985 372 1040 hinc
389 985 490 1040 Varius
508 983 624 1038 discedit
641 989 761 1040 maestus
779 984 880 1040 amicis

148 1063 218 1118 Inde
237 1062 331 1116 Rubos
348 1061 412 1116 lessi
429 1061 609 1129 pervenimus,
626 1063 723 1128 utpote
740 1060 850 1128 longum

148 1137 298 1206 Carpentes
315 1138 370 1190 iter
387 1140 417 1190 ot
433 1136 536 1190 factum
553 1136 707 1204 corruptius
724 1135 812 1188 imbri.
970 1151 997 1191 as
1137 1157 1138 1198 ι

151 1213 266 1266 Postera
282 1215 433 1280 tempestas
450 1211 553 1278 melior,
571 1211 615 1264 ria
632 1210 711 1279 pejor
727 1211 765 1264 ad
781 1227 868 1279 usque

147 1287 212 1340 Bari
230 1287 336 1340 moenia
352 1285 469 1354 piscosi3
485 1285 550 1340 dein
568 1285 669 1351 Gnatia
686 1285 816 1354 Lymphis

147 1361 231 1416 Iratis
248 1363 388 1414 exstructa
405 1359 485 1412 dedit
501 1359 626 1428 risusque
639 1359 777 1428 jocosque,
829 1405 834 1422 ,

146 1435 219 1488 Dum
236 1435 344 1488 flamma
361 1434 422 1500 sine
436 1434 518 1488 thura
534 1435 684 1503 liquescere
700 1435 792 1488 limine
816 1452 892 1488 sacro
995 1463 999 1470 ·

146 1511 315 1566 Persuadere
332 1511 414 1579 cupit.
395 1509 552 1566 tCred'at
569 1510 696 1564 Judaeus
714 1511 819 1579 Apella
961 1526 995 1566 roe

109 1585 259 1667 Nour
226 1602 293 1654 egro
317 1602 435 1655 namque
453 1586 520 1640 deos
538 1585 630 1639 didici·
639 1601 765 1639 secumm
782 1601 985 1654 agarenorum,

109 1631 172 1714 N
173 1677 207 1714 eo
221 1661 245 1716 si
262 1662 328 1731 quid
347 1662 408 1715 miri
425 1661 509 1715 liciat
497 1664 574 1715 ttna
575 1677 624 1713 ura
642 1661 708 1714 deos
725 1660 755 1714 id

145 1727 218 1789 Trist
206 1740 249 1790 tes
267 1753 301 1790 ex
319 1737 374 1790 alto
391 1737 458 1790 caeli
476 1735 622 1789 demittere
639 1739 720 1790 tecto.

144 1810 324 1866 Brundisium
341 1812 436 1879 longae
453 1811 515 1864 finis
532 1811 696 1879 chartaeque
714 1811 828 1878 viaeque
846 1817 896 1864 est

550 1953 602 2008 VI.

144 2037 208 2092 Nor
225 2037 296 2106 quia,
315 2037 466 2106 Maecenas,
479 2036 622 2105 Lydorum
640 2007 774 2104 quidquid
792 2034 828 2087 Et
816 2037 921 2088 truscos

144 2112 261 2166 Inooluit
278 2113 345 2166 fines
363 2128 442 2166 nemo
459 2112 614 2240 generosior
632 2113 675 2164 cst
691 2114 728 2178 te,

143 2188 170 2240 N
171 2204 202 2241 eo
220 2188 293 2256 quod
310 2204 376 2254 avus
394 2187 446 2242 tibi
463 2191 520 2240 mat
521 2203 602 2240 ornus
620 2185 673 2239 luit
691 2189 774 2254 atque
791 2187 922 2253 paternus

143 2261 215 2316 Olim
234 2263 287 2332 quix
298 2263 403 2330 magnis
420 2261 572 2330 legionibus
589 2260 784 2329 imperitarent,

143 2334 183 2392 Ut
199 2337 322 2408 plerique
339 2339 433 2403 solent,
450 2354 514 2391 naso
532 2335 674 2405 suspendis
692 2335 796 2388 adunco
847 2356 852 2366 ·
981 2351 994 2392 r

143 2411 268 2481 Ignotos,
279 2417 312 2469 ut
328 2430 372 2468 me
389 2413 517 2468 libertino
533 2415 626 2482 patre
629 2413 731 2464 natum.

40 2489 44 2500 '
143 2488 211 2541 Cum
228 2488 331 2543 referre
348 2505 432 2556 negas
449 2488 523 2558 quali
540 2487 577 2540 sit
595 2485 710 2555 quisque
727 2485 841 2551 parente

143 2563 232 2616 Natus
250 2551 341 2634 dum
333 2581 473 2632 mgennus,
492 2561 641 2632 persuades
658 2561 709 2613 hoc
726 2557 778 2613 tibi
795 2573 866 2622 vere,

143 2641 218 2691 Anto
235 2642 284 2706 pot
285 2655 314 2692 es
315 2642 401 2692 tatem
418 2637 488 2690 Tulli
506 2641 632 2704 atque
606 2635 723 2688 ienobile
740 2649 855 2700 reguum

143 2709 214 2764 Mult
202 2715 244 2764 tos
262 2727 345 2780 saepe
361 2713 434 2765 viros
451 2711 532 2764 nullis
549 2727 603 2776 ma]
597 2709 699 2762 oribus
719 2711 793 2762 ortes
976 2726 996 2765 ιι

143 2783 178 2836 Ει
197 2785 296 2837 vixisse
312 2785 412 2854 probos
429 2785 526 2851 arnplis
544 2787 575 2836 et
590 2783 737 2836 honoribus
754 2785 865 2845 anctos3

142 2856 242 2910 Contra
261 2857 415 2927 Laevinum,
435 2857 529 2910 Valeri
546 2873 632 2923 genus
648 2857 722 2909 unde
740 2853 846 2942 superb
843 2870 873 2907 ιι

142 2927 301 2998 Tarquinius
319 2949 402 3002 regno
420 2932 513 3000 pulsus
531 2932 608 2998 fugit,
626 2931 706 2982 unius
723 2931 791 2982 assis
827 2975 830 2982 ,

142 3000 166 3053 N
170 3018 203 3053 en
220 3019 339 3070 unquam
356 3008 447 3074 pretio
464 3006 549 3074 pluris
566 3005 681 3070 licuisse,
700 3008 814 3056 notane

141 3074 240 3126 dedice
257 3094 311 3143 quo
328 3083 390 3131 nos
391 3096 400 3130 1
417 3080 524 3148 populo,
543 3079 589 3146 qui
608 3081 633 3129 s
624 3077 674 3129 nl
663 3083 707 3129 tus
724 3067 840 3130 honores

141 3147 238 3215 baepe
245 3149 294 3202 dat
310 3151 428 3218 indignis
444 3157 474 3206 ct
489 3153 578 3204 famae
595 3150 680 3203 servit
695 3143 812 3218 ineptus,
860 3157 863 3164 ’
