2268 3448
133 139 166 189 28

407 139 560 190 HORATII
577 139 707 190 FLACOI

306 223 352 276 Ab
369 220 497 276 insolenti
513 223 692 289 temperatam

339 297 465 364 Laetitia,
482 295 613 350 moriture
630 295 710 364 Delli,

271 371 327 428 Seu
343 376 464 427 maestus
480 371 554 425 omni
570 375 694 439 tempore
710 370 819 440 vixeris,
969 389 982 432 ι

271 447 327 503 Seu
342 451 372 502 te
389 449 419 501 in
436 450 541 501 remoto
557 447 679 514 gramine
695 463 746 514 per
763 447 822 502 dies

305 522 402 577 Festos
418 521 578 576 reclinatum
595 521 685 575 bearis

339 597 474 651 interiore
490 600 555 651 nota
573 597 688 651 Falerni.

272 673 332 738 Quo
348 673 429 741 pinus
446 673 540 740 ingens
559 671 675 742 albaque
691 673 807 741 populna

269 747 403 802 Umbram
420 747 580 816 hospitalem
597 749 750 802 consociare
767 749 860 802 amant
959 763 983 805 ro

305 823 418 877 Ramisi
454 822 527 887 Quid
544 823 653 892 obliquo
669 822 776 878 laborat

338 897 460 967 Lympha
476 898 560 968 fugax
577 897 716 968 trepidare
733 898 811 952 rivol

271 973 334 1028 Huc
350 975 412 1028 vina
428 978 458 1028 et
476 977 612 1044 unguenta
629 977 658 1028 et
674 973 787 1027 nimium
805 972 902 1027 brcvcs

270 1049 364 1104 Floras
381 1066 510 1104 arnoenae
526 1050 599 1104 ferre
612 1048 681 1116 jube
698 1065 783 1118 rosae,

303 1125 376 1178 Dum
394 1143 438 1178 res
455 1128 484 1180 et
500 1127 576 1178 aetas
593 1127 622 1178 et
639 1140 761 1178 soromm
957 1139 981 1181 is

338 1199 397 1253 Fila
414 1200 497 1253 trium
514 1199 656 1268 patiuntur
673 1203 740 1254 atra.
757 1247 760 1257 .

269 1274 357 1329 (ledes
375 1274 505 1342 coemptis
523 1275 636 1329 saltibus
653 1278 682 1329 et
699 1274 779 1328 domo

269 1349 395 1418 Villnque
412 1349 497 1404 flavus
514 1354 596 1418 quam
614 1349 719 1403 Tiberis
736 1349 809 1417 lavit,

304 1425 392 1479 (ledes
410 1429 438 1480 et
455 1425 601 1480 exstructis
618 1425 647 1478 in
664 1425 750 1479 altum

336 1499 445 1554 Divitiis
462 1500 581 1569 potietur
598 1499 686 1554 heres.
951 1517 977 1558 ao

268 1575 387 1630 Ilivesne
404 1576 493 1645 prisco
509 1579 590 1630 natus
607 1575 642 1629 ab
662 1575 763 1629 Inacho

267 1650 313 1705 llil
330 1651 445 1706 interest
462 1669 497 1706 an
514 1667 617 1720 pauper
634 1654 663 1704 et
680 1651 773 1704 infimo

301 1727 345 1780 De
361 1732 443 1794 gente
461 1727 511 1779 sub
529 1726 592 1778 divo
609 1727 729 1794 moreris,

335 1801 456 1855 Victima
472 1800 510 1852 nil
527 1799 680 1852 miserantis
698 1800 769 1855 Orci.

267 1875 370 1929 Omnes
387 1873 483 1927 eodem
501 1873 628 1940 cogimur,
647 1874 766 1928 omnium
950 1890 975 1934 κ

268 1951 402 2004 Versatur
418 1965 487 2002 mua
504 1948 589 2001 scrius
607 1947 680 2002 ocius

300 2024 366 2080 Sors
383 2023 490 2076 exitura
507 2027 536 2076 et
553 2039 602 2078 nos
618 2023 647 2076 in
664 2027 805 2080 actemum

335 2097 454 2152 Exilium
471 2099 631 2167 impositura
648 2100 769 2156 cumbae.

525 2237 576 2292 IV.

264 2322 292 2378 N
294 2340 311 2376 a
328 2323 365 2378 sit
382 2321 494 2376 ancillae
511 2321 563 2375 tibi
581 2337 656 2376 amor
673 2322 778 2392 pudori,

264 2397 385 2453 Xanthia
404 2398 528 2452 Phoceu!
565 2397 650 2451 Prius
662 2397 821 2452 insolentem

264 2473 348 2528 Serva
366 2473 468 2526 Briseis
485 2473 564 2526 niveo
582 2473 671 2527 colore
805 2477 810 2486 '

298 2547 386 2602 Movit
405 2547 555 2611 Achillem;

264 2620 352 2676 Movit
369 2620 485 2688 Ajacem
502 2621 647 2675 Telamone
663 2625 758 2677 natum

264 2696 364 2750 Forma
381 2695 504 2761 captivae
521 2695 660 2748 dominum
678 2697 850 2764 Tecmessam

264 2769 343 2824 Arsit
361 2768 475 2823 Atrides
491 2770 582 2823 medio
599 2771 628 2822 in
644 2771 782 2839 triumpho

299 2843 413 2912 Virgine
430 2847 518 2913 rapta,

265 2916 403 2972 Barbarae
419 2922 564 2986 postquam
581 2917 703 2972 cecidere
720 2923 827 2973 turmae

234 3038 237 3044 ,
265 2991 392 3044 Thessalo
410 2993 512 3046 victore
529 2995 559 3045 et
576 2991 720 3058 ademptus
739 2993 844 3046 Hector
949 3007 973 3052 te

265 3065 391 3118 Tradidit
408 3066 486 3118 fessis
502 3065 603 3119 leviora
619 3064 678 3118 tolli

301 3137 433 3206 Pergama
450 3139 535 3192 Grais
