2276 3448
392 167 683 220 nersnonnsuur.
704 173 741 223 15.
869 231 872 236 ¹
948 169 993 220 17⁵

150 246 199 302 Me
216 249 339 303 constare
356 249 422 302 milri
439 250 498 318 scis,
517 255 547 306 et
564 251 705 306 discedere
722 251 839 317 tristem

151 323 371 392 Quandocunque
388 325 501 380 trahunt
517 327 603 380 invisa
619 327 868 398 negotiaRomam.
927 329 931 336 '

150 397 177 450 N
178 414 213 451 on
231 398 326 452 eadem
344 401 487 466 miremur3
504 419 538 476 eo
554 403 722 457 disconvenit
739 403 812 457 inter

150 471 252 541 Meque
270 477 299 527 et
315 477 358 528 te:
376 492 438 529 nam
456 493 526 545 quse
544 478 652 532 deserte
669 481 698 532 et
714 477 850 546 inhospita
866 479 941 530 tesca

150 547 248 600 Credis
264 541 377 602 amoenis
394 555 472 604 voest
489 567 595 606 mecum
613 553 660 620 qui
678 554 770 620 sentit,
789 556 818 606 et
835 553 895 606 odit
969 566 993 606 eo

151 621 226 686 Quae
242 626 275 676 tu
291 624 402 692 pulchra
419 629 506 693 putas.
542 617 643 681 Fornix
660 627 711 682 tibi
729 632 757 682 et
774 631 855 683 uncta
871 627 972 696 popina

150 695 291 752 Incutiunt
308 698 384 752 urbis
401 700 575 771 desiderium,
593 704 680 770 video,
698 707 727 758 et
744 703 818 774 quod

150 773 275 840 Angulus
292 773 344 827 iste
361 774 433 829 feret
451 777 529 846 piper
546 783 576 831 et
593 778 658 832 thus
675 779 748 832 ocius
766 795 826 848 uva,

138 845 208 906 ‚Nec
224 848 311 901 vicina
328 848 422 904 subest
438 851 530 904 vinum
546 853 680 921 praebere
696 853 812 909 taberna

150 920 226 984 Quae
242 923 329 991 possit
345 924 404 993 tibi,
422 943 472 980 nec
489 930 620 982 meretrix
637 928 757 998 tibicina,
774 929 851 999 cujus
971 943 994 983 ss

149 997 197 1050 Ad
215 1000 359 1066 strepitum
377 1001 456 1054 salius
473 1006 563 1056 terrae
580 1005 682 1071 grsris:
700 1008 839 1058 ettamen
856 1020 938 1072 urges

149 1071 319 1141 Jampridem
337 1092 389 1136 non
407 1081 482 1140 tacta
498 1078 633 1146 ligonibus
650 1095 715 1133 arva
732 1078 884 1148 bovemque
917 1089 926 1106 ·
979 1075 982 1084 '

149 1145 322 1214 Disjuuotum
339 1168 417 1206 curas
435 1156 464 1206 et
482 1154 584 1208 strictis
601 1154 744 1208 frondibus
762 1155 869 1224 exples;

149 1221 239 1277 Addit
256 1241 323 1293 opus
340 1227 418 1294 pigro
436 1228 517 1296 rium,
535 1230 558 1282 si
576 1230 678 1284 decidit
695 1229 790 1296 imber,

83 1343 87 1350 .
149 1296 239 1352 Multa
255 1300 326 1353 mole
342 1301 481 1368 docendus
498 1305 589 1372 aprico
606 1322 718 1374 parcere
735 1309 821 1374 prato.
971 1319 994 1357 tt

43 1395 49 1408 ·
148 1371 175 1423 N
178 1388 229 1426 une
246 1391 297 1441 ege
316 1375 383 1443 quid
400 1381 524 1431 nostrum
541 1384 701 1434 concentum
718 1380 824 1434 dividat
841 1380 912 1434 audi.

149 1448 236 1510 Quom
254 1453 351 1504 tenues
371 1451 487 1507 decuere
504 1457 585 1522 togae
602 1455 737 1523 nitidique
754 1455 851 1524 capilli,

129 1521 132 1526 ’
149 1523 237 1587 Quem
255 1524 307 1577 scis
324 1525 472 1581 inunuucm
491 1529 605 1582 Cinarae
622 1529 755 1597 placuisse
772 1530 869 1598 rapaci,

152 1598 240 1662 Quem
257 1598 380 1653 bibulum
397 1601 494 1670 liquidi
511 1603 601 1656 media
619 1603 654 1657 de
671 1604 731 1658 luce
751 1604 867 1671 Falerni,
1006 1661 1008 1666 ,

148 1671 239 1726 Coena
250 1672 341 1728 brevis
348 1674 429 1743 juvat
441 1681 470 1730 et
481 1693 565 1745 prope
578 1679 665 1731 rivum
677 1695 786 1732 somnus
797 1679 825 1731 in
836 1677 934 1741 herbu;
969 1692 992 1730 ss

147 1745 174 1799 N
176 1763 206 1801 ec
223 1747 318 1802 lusisse
335 1749 422 1817 pudet
440 1750 559 1804 sednon
577 1752 697 1807 incidere
715 1751 830 1806 ludum.¹
901 1817 905 1826 ⁸

112 1830 115 1832 ’
147 1821 173 1874 N
175 1838 210 1875 on
227 1822 289 1877 istie
306 1824 415 1892 obliquo
433 1826 509 1880 oculo
526 1843 588 1880 meu
604 1828 744 1882 commoda
762 1827 903 1896 quisquam

147 1895 245 1964 Limat,
264 1914 318 1951 non
336 1899 398 1952 odio
415 1900 530 1954 obscuro
547 1918 693 1972 morsuque
710 1905 841 1967 veneust;

147 1970 252 2026 Rident
269 1973 349 2026 vicini
367 1973 460 2041 glebas
478 1979 508 2028 et
525 1992 590 2030 saxa
607 1982 768 2032 moventem.

146 2034 217 2100 ilum
235 2047 321 2101 sel'tis
338 2049 442 2102 urbana
460 2049 546 2104 diaria
562 2051 660 2106 rodere
678 2053 777 2106 mavis:
970 2066 992 2105 io

147 2117 263 2177 Horum.
273 2125 305 2176 tu
323 2123 351 2176 in
368 2140 511 2178 numerum
528 2130 591 2180 voto
609 2127 681 2193 ruis;
698 2127 804 2181 invidet
821 2143 900 2181 usum

147 2193 295 2264 Lignorum
311 2201 340 2251 et
357 2200 461 2266 pecoris
478 2199 531 2254 tibi
549 2201 606 2254 calo
624 2206 737 2270 argutus
755 2206 785 2258 et
802 2203 883 2255 horti.

146 2271 233 2340 Optat
250 2271 378 2342 ephippio
395 2273 452 2342 bos,
469 2276 546 2342 piger
564 2280 641 2344 optut
658 2287 735 2330 arere
755 2275 888 2340 caballus3

147 2345 234 2410 Quam
252 2347 303 2401 scit
320 2352 437 2416 uterquc
455 2349 543 2402 libens
561 2349 675 2403 censebo
693 2353 819 2403 exerceat
838 2353 950 2403 artem·

261 2569 266 2584 ι
541 2491 602 2546 XV.

146 2569 227 2634 Quin
269 2573 282 2624 t
298 2571 384 2626 hiems
402 2571 507 2641 Veliae,
525 2573 599 2642 quod
615 2573 727 2642 caelum,
745 2572 823 2639 Vale,
845 2571 957 2640 Salerni,

146 2587 268 2711 Quoruri
278 2646 417 2700 hominum
428 2648 504 2716 regio
516 2653 544 2702 et
557 2649 644 2718 qualis
656 2649 707 2717 nia,
721 2650 792 2716 (nam
804 2648 871 2701 mihi
884 2648 965 2700 Boius

146 2721 227 2774 Musa
244 2737 424 2791 supervacuas
444 2723 580 2776 Antonius
598 2727 738 2779 ettamen
755 2724 809 2777 illis
863 2732 866 2740 '

147 2793 193 2848 Me
211 2795 276 2848 facit
293 2797 416 2864 invisum,
433 2797 526 2866 gelida
542 2815 604 2853 cum
621 2799 731 2868 perluor
747 2798 821 2852 unda

145 2869 200 2923 Per
216 2870 337 2925 medium
354 2871 447 2939 frigus.
483 2872 554 2927 Sane
570 2877 692 2928 murteta
708 2874 826 2944 relinqui
975 2875 987 2917 Ε

144 2942 280 3012 Dictaque
298 2949 450 2998 cessantem
467 2947 559 2999 nervis
576 2947 678 3002 elidere
696 2948 821 3002 morbum

119 3027 127 3042 ⁰
145 3016 282 3087 sulphura
298 3019 435 3072 contemni
452 3020 527 3072 vicus
544 3023 638 3088 gemit,
656 3022 764 3075 invidus
781 3022 878 3090 aegris
984 3024 993 3040 ⁸

144 3094 196 3158 Qui
215 3101 298 3162 caput
316 3098 345 3147 et
363 3093 531 3147 stomachum
549 3112 700 3164 supponere
719 3097 839 3150 fontibus
857 3096 961 3149 audent

144 3168 264 3222 Clusinis
282 3167 437 3238 Gabiosque
454 3171 553 3237 petunt
570 3175 599 3224 et
615 3170 717 3238 frigida
734 3188 805 3226 ruta
