2288 3444
388 197 594 247 CARMINUM
610 198 663 248 III.
681 197 723 250 27.
949 199 981 246 65

269 277 316 334 Sic
331 281 360 332 et
378 273 487 346 Europe
504 277 614 331 niveum
633 277 728 331 doloso
956 291 981 333 rt

269 352 396 408 Credidit
412 356 492 406 tauro
509 353 581 406 latus
599 356 628 406 et
647 356 797 407 scatentem

225 497 227 501 Ι
268 428 372 483 Belluis
389 432 503 496 pontum
520 429 680 498 mediasque
698 427 810 482 fraudes

307 503 408 556 Palluit
425 503 524 558 audax.

268 578 365 646 Nuper
381 578 411 631 in
427 578 513 646 pratis
530 577 653 632 studiosa
669 577 768 632 florum
786 579 816 632 et
863 619 866 626 .
913 611 916 614 -

268 653 386 706 Debitac
403 653 536 722 Nymphis
552 653 644 721 opifex
661 667 777 706 coronae

267 728 357 782 Nocte
374 727 504 782 sublustri
518 727 590 782 nihil
601 731 682 782 'astra
698 731 810 796 praeter

303 803 385 856 Vidit
402 806 432 856 et
448 803 543 857 undas.
596 835 599 841 ·

268 879 345 942 Quae
363 877 443 930 simul
461 881 571 931 centum
587 878 683 945 tetigit
701 880 842 944 potentem

268 952 385 1021 Oppidis
404 951 520 1006 Creten:
539 953 628 1018 Pater,
646 969 663 1005 o
679 953 805 1006 relictum

268 1027 355 1082 Filiae
371 1043 469 1081 nomen
486 1027 635 1095 pietasque,
654 1027 733 1093 dixit,

303 1103 386 1157 Victa
402 1103 510 1157 furore!
602 1133 605 1139 Δ
708 1134 712 1140 -

267 1178 350 1233 Unde
367 1194 421 1247 quo
437 1177 519 1232 venit
554 1176 636 1231 Levis
652 1193 709 1230 una
726 1193 800 1230 mors
818 1181 861 1233 est

267 1253 412 1322 virginum
428 1253 532 1322 culpae.
567 1251 728 1321 vigilansne
745 1253 824 1320 ploro

192 1391 194 1396 ¹
267 1328 357 1396 Turpe
373 1329 552 1397 commissum,
569 1344 605 1382 eu
622 1328 697 1382 vitiis
715 1333 853 1383 carentem

302 1404 388 1458 Ludit
405 1404 496 1472 imago
569 1433 571 1438 ,

267 1478 347 1533 Vana
363 1495 434 1548 quae
451 1483 531 1547 porta
547 1479 653 1548 fugiens
670 1478 775 1534 eburna

268 1553 407 1608 Scrinium
425 1554 519 1609 ducit?
554 1555 688 1608 Meliusne
705 1555 806 1614 flnctus

268 1629 316 1683 Ire
333 1645 384 1697 per
399 1627 567 1698 longosvfuit
583 1645 620 1682 an
637 1635 763 1682 recentes
853 1660 854 1663 =

303 1704 424 1772 Carpere
441 1703 540 1770 flores?

268 1778 298 1832 Si
315 1779 377 1847 quis
393 1777 520 1832 infamem
539 1777 606 1832 mihi
623 1793 694 1832 nunc
705 1775 854 1847 juvencmu

268 1853 362 1908 Dedat
378 1853 466 1908 iratae
483 1854 605 1908 lacerare
621 1853 696 1908 ferro
713 1857 744 1908 et
852 1913 855 1920 Δ

268 1929 407 1996 Frangere
424 1930 516 1982 enitar
530 1929 611 1984 modo
628 1929 745 1984 multum
765 1929 849 1985 amati

303 2004 410 2059 Cornua
427 2005 549 2059 monstri.
853 2065 854 2072 χ

269 2077 418 2148 Impudens
435 2079 502 2148 liqui
519 2079 622 2151 patrios
641 2081 766 2149 Penates,
917 2090 935 2117 ⁴¹

269 2153 418 2222 impudens
436 2155 537 2208 Orcum
555 2171 652 2212 moror.
688 2156 712 2210 Ο
731 2157 844 2211 deorum

268 2229 298 2284 Si
316 2230 377 2299 quis
394 2229 565 2298 lucrandis,
583 2231 688 2285 utinam
705 2231 780 2286 inter
796 2248 886 2287 errem

196 2327 200 2334 ·
301 2304 385 2358 Nuda
401 2305 510 2360 leones!

268 2379 426 2450 Antequam
442 2379 531 2448 turpis
548 2381 648 2434 macies
665 2379 795 2434 decentes

267 2455 390 2523 Occupet
406 2455 491 2508 malas
507 2459 675 2524 teneraeque
692 2471 787 2508 succus
839 2459 843 2468 “

267 2529 378 2582 Defluat
394 2529 520 2596 praedae,
538 2531 659 2598 speciosa
677 2547 779 2598 quaero

192 2657 194 2661 .
303 2603 419 2656 Poscere
436 2603 528 2672 tigres.

268 2676 340 2732 Vilis
358 2678 473 2747 Europe,
491 2682 572 2748 pater
588 2683 669 2746 urget
686 2678 801 2735 absens:

268 2753 341 2818 Quid
357 2753 426 2806 mori
444 2756 552 2808 cessasl
588 2754 670 2807 Potes
687 2753 738 2806 hac
755 2755 790 2808 ab
807 2771 873 2810 orno

268 2827 421 2882 Pendulum
438 2847 505 2883 rona
521 2830 591 2884 bene
609 2833 639 2884 te
657 2833 751 2882 secuta

302 2903 423 2958 Laedere
441 2905 545 2958 collum

267 2977 330 3032 Sive
346 2983 376 3033 te
393 2996 474 3048 rupes
492 2985 521 3033 et
538 2983 618 3034 ecrite
634 2979 691 3035 leto

267 3053 338 3107 Saxa
355 3055 495 3108 delectant
512 3071 562 3122 age
579 3061 608 3109 te
625 3052 759 3124 procellae

267 3128 356 3184 Crede
373 3131 465 3196 veloci,
483 3130 535 3183 nisi
554 3130 639 3183 herile
656 3131 742 3184 mavis

300 3203 420 3274 Carpere
437 3213 556 3274 pensum·
