2288 3444
422 166 635 216 SATIRARUM
651 167 673 216 I.
693 169 716 217 3.
947 165 990 214 lll

146 243 235 314 Saepe
252 247 347 298 decem
365 259 474 310 servos;
490 245 571 299 modo
589 262 668 314 reges
686 243 769 316 atoue
786 243 946 310 tetrarchus,

146 321 246 373 Omnia
253 336 352 386 magna
362 319 489 388 loquens;
507 320 595 388 modo,
608 321 622 348 “
630 321 673 374 sit
683 320 751 374 mihi
762 336 855 374 mensa
865 320 951 388 tripes
962 321 992 374 et

147 395 256 448 Concha
273 395 336 448 salis
353 395 415 462 puri
432 398 462 448 et
479 399 544 463 toga
561 412 632 466 quae
648 396 796 450 defendere
812 396 899 464 frigus

146 470 274 534 Quamvis
292 486 381 523 crassa
398 471 501 538 queat.'’
538 470 636 526 Decies
654 475 770 526 centena
787 471 910 525 dedisses
968 484 991 525 rs

146 545 221 598 Huic
237 561 319 614 parco
335 546 428 612 paucis
445 548 579 614 contento,
598 547 718 614 quinque
735 545 832 612 diebus

146 619 194 672 Nil
212 624 272 673 erat
288 619 317 672 in
334 619 434 674 loculis.
469 619 571 674 Noctes
588 620 718 688 vigilabat
735 619 771 672 ad
788 620 877 688 ipsum

146 695 237 762 Mane,
254 694 327 748 diem
344 698 433 748 totum
451 694 601 760 stertebat;
618 696 656 748 nil
673 696 725 749 fuit
743 699 861 764 unquam

147 769 192 822 sic
209 770 297 837 impar
314 769 488 823 sibi-Nunc
505 770 604 838 aliquis
621 769 695 823 dicat
712 769 795 822 mibi:
813 769 907 834 “Quid
923 770 971 823 tul

56 905 60 912 ⁴
146 843 264 897 Nullane
276 843 360 898 habes
371 844 470 898 vitiul'’
495 844 584 898 Immo
601 845 653 898 alia
665 849 695 898 et
707 846 822 898 fortasse
833 845 945 899 minora.
967 861 991 899 re

147 919 272 972 Maenius
289 919 429 972 absentem
446 919 564 972 Novium
582 937 643 973 cum
660 923 792 988 carperet,
810 919 908 973 “Heus
924 919 979 986 tu,''

148 993 264 1056 Quidam
282 994 328 1062 ait,
346 994 473 1062 “ignoras
490 997 528 1060 te,
544 1010 579 1048 an
596 998 629 1048 ut
644 995 767 1062 ignotum
785 994 851 1048 dare
868 994 946 1048 nobis

147 1067 241 1122 Verba
257 1069 367 1136 putasl’'
404 1069 540 1136 “Egomet
556 1069 594 1122 mi
611 1069 741 1137 ignosco,’'
755 1069 880 1122 Maenius
895 1069 991 1137 inquit

149 1143 256 1197 Stultus
274 1145 303 1198 et
319 1143 458 1212 improbus
476 1143 520 1197 hic
537 1159 613 1196 amor
631 1147 673 1198 est
691 1143 843 1212 dignusque
861 1144 957 1200 notari

148 1217 218 1272 uum
234 1221 283 1274 tua
299 1218 442 1286 pervideas
460 1217 543 1272 oculis
560 1218 631 1272 mala
647 1217 736 1286 lippus
753 1218 878 1287 inunctis,
968 1233 992 1273 ss

149 1292 205 1346 Gur
221 1293 249 1345 in
266 1293 412 1348 amicorum
429 1293 503 1346 vitiis
520 1295 578 1346 tam
595 1293 683 1346 cernis
700 1297 810 1346 acutum

149 1367 235 1430 Quam
243 1371 291 1422 aut
298 1368 388 1436 aquila
395 1371 443 1422 aut
452 1384 562 1436 serpens
571 1367 751 1436 Epidauriusl
770 1369 811 1423 At
827 1367 880 1422 tibi
890 1371 984 1422 eontra

148 1442 254 1510 Evenit,
272 1443 411 1511 inquirant
428 1442 494 1496 vitia
510 1446 543 1496 ut
559 1446 608 1496 tua
624 1459 718 1497 rursus
736 1446 765 1496 et
782 1443 828 1496 illi

149 1517 308 1571 Iracundior
325 1521 368 1572 est
384 1518 472 1586 paulo,
490 1517 580 1570 minus
597 1520 678 1586 aptus
694 1517 781 1572 aeuus

148 1592 269 1646 Naribus
285 1591 381 1646 horum
398 1591 552 1657 hominum;
568 1591 754 1660 rideri-possit
771 1607 803 1644 co
821 1591 895 1660 quod
969 1607 993 1647 se

148 1667 286 1724 Rusticius
303 1670 381 1720 tonso
398 1669 462 1734 toga
479 1665 576 1720 defluit
592 1666 708 1720 etmale
725 1666 802 1720 laxus

149 1742 183 1795 ln
201 1742 272 1814 pede
289 1741 393 1800 calceus
410 1741 517 1796 haeret:
535 1745 565 1796 at
582 1744 624 1795 est
641 1740 728 1794 bonus
744 1744 777 1794 ut
793 1740 888 1793 melior
908 1740 949 1793 vir

148 1817 174 1870 N
176 1833 211 1869 on
228 1817 295 1870 alius
309 1817 459 1884 quisquam,
475 1820 505 1870 at
517 1815 569 1870 tibi
582 1816 691 1882 amicus,
705 1819 734 1869 at
747 1815 884 1882 ingenium
897 1815 992 1883 ingens

148 1891 256 1945 Inculto
273 1891 343 1944 latet
358 1891 410 1946 hoc
427 1890 477 1944 sub
495 1907 613 1960 corpore.
647 1891 772 1958 Denique
789 1891 924 1958 teipsum

148 1965 269 2020 Consule
286 1982 351 2018 num
368 1982 422 2033 qua
439 1965 491 2018 tibi
508 1965 635 2021 vitiorum
651 1965 780 2018 inseverit
796 1965 860 2018 olim
921 2005 924 2014 .
969 1981 993 2021 ss

147 2041 174 2094 N
176 2044 262 2107 stura,
280 2044 328 2098 aut
346 2041 428 2094 etiam
446 2039 612 2094 consuetudo
629 2039 715 2106 mala3
732 2057 849 2108 namque

147 2115 175 2168 N
177 2115 289 2183 eglectis
305 2115 410 2168 urenda
427 2115 485 2168 filix
501 2114 650 2169 innascitur
666 2115 745 2182 agris

148 2190 218 2244 llluo
234 2195 446 2258 praevertemur,
463 2193 611 2244 amatorem
628 2189 702 2258 quod
719 2189 821 2244 andem

148 2265 248 2332 Turpia
265 2264 405 2331 decipiunt
422 2280 530 2318 caecum
547 2265 621 2332 vitia,
638 2267 686 2317 aut
703 2264 785 2317 etiam
799 2265 862 2333 ipsa
878 2265 946 2318 haee

147 2339 298 2406 Delectant,
316 2339 401 2392 veluti
419 2339 563 2396 Balbinum
580 2339 692 2406 polypus
710 2339 832 2406 Hagnae.
969 2355 992 2393 lo

147 2414 255 2468 Vellem
272 2414 300 2467 in
318 2413 436 2468 amicitia
446 2414 492 2466 'sic
509 2429 676 2476 erraremus;
694 2416 723 2464 et
739 2413 786 2466 isti

147 2489 241 2543 lirrori
258 2505 356 2542 nomen
374 2489 460 2542 virtus
477 2487 612 2556 posuisset
629 2485 780 2540 honestum.

147 2565 188 2617 At
204 2566 284 2632 pater
300 2567 333 2618 ut
349 2563 424 2629 gnati
442 2563 480 2616 sic
496 2579 545 2616 nos
563 2561 695 2615 debemus
711 2562 791 2616 amici

146 2638 176 2692 Si
193 2637 266 2707 qnod
283 2638 320 2692 sit
337 2639 433 2692 vitium
449 2653 503 2690 non
520 2637 660 2692 fastidire:
679 2636 834 2692 strabonem

146 2712 276 2781 Appellat
293 2716 404 2781 paetum
421 2715 508 2780 pater,
526 2715 555 2767 et
571 2711 676 2781 pullum
693 2712 763 2766 mele
779 2729 880 2782 parvus
969 2731 992 2770 es

146 2786 176 2840 Si
194 2786 237 2840 cui
256 2787 326 2840 filius
344 2791 394 2854 est,
412 2791 445 2840 ut
462 2786 601 2844 abortivus
617 2786 671 2840 fuit
688 2787 751 2840 olim

145 2861 290 2930 Sisyplms;
307 2863 378 2916 hunc
395 2878 490 2916 varum
508 2861 632 2914 distortis
649 2861 788 2924 cruribus3
805 2861 881 2914 illum

143 2935 270 2990 Balbutit
288 2953 412 2990 scaurum
429 2935 519 3003 pravis
536 2935 635 2988 fultum
653 2935 723 2987 malo
741 2934 811 2987 talis.

144 3010 256 3064 Parcius
273 3011 317 3064 hic
334 3011 408 3077 vivit,
426 3009 499 3074 frugi
516 3008 629 3061 dicatur.
665 3009 779 3074 lneptus

143 3085 343 3154 Etjactantior
359 3085 404 3140 hie
420 3082 500 3152 paulo
518 3085 568 3148 est,
587 3080 732 3133 concinnus
750 3080 842 3134 amicis
966 3099 991 3138 co
1031 3103 1034 3106 ·

144 3160 269 3216 Postulat
286 3163 319 3214 ut
335 3159 468 3214 videatur.
503 3156 544 3209 At
561 3157 604 3209 est
621 3154 800 3208 truculcnmr
817 3159 901 3223 atque
