2288 3444
161 197 208 247 ιιι
431 184 586 236 uenam
600 182 734 235 runccr
776 165 782 174 '

160 269 296 325 Indormis
313 267 420 322 inhians
437 270 467 322 at
483 271 622 336 umquam
638 282 750 336 parcere
769 269 852 321 amuis

161 345 272 412 Cogeris
289 347 337 397 aut
352 341 434 412 pictis
450 345 590 410 tamquam
607 342 727 410 gaudere
743 341 859 395 tabellis.

161 419 256 472 Nescis
274 435 326 486 quo
345 418 433 470 valeat
451 418 592 470 nummus?
611 432 692 485 quem
709 416 840 484 praebeat
856 419 952 472 usum?

162 493 244 547 Panis
261 497 374 559 ematur,
392 493 460 559 olus,
476 491 532 544 vini
550 491 692 557 sextarius,
709 492 782 544 udde

162 567 229 632 Quis
246 568 364 620 hnmana
382 565 434 620 sibi
452 565 544 620 doleat
560 569 659 620 natura
675 565 788 632 negatis
982 577 1007 620 rs

163 645 208 697 An
226 642 337 709 uigilare
354 644 431 694 metu
448 640 607 708 exanimem,
624 643 771 708 noctesque
788 639 902 709 diesque

164 716 322 770 Formidare
340 715 424 768 malos
441 715 523 782 iures,
539 715 672 780 incendia,
690 731 781 768 servos

163 791 190 844 N
192 808 207 844 e
224 795 254 846 te
271 790 417 858 compilent
433 789 575 857 fugientes,
592 789 643 843 hoc
656 789 752 857 juvati
788 790 894 842 Horum

164 866 278 933 Semper
294 881 346 933 ego
362 864 478 932 optarim
495 865 683 933 pauperrimus
701 881 761 918 esse
777 863 914 918 bonorum.

165 941 229 994 “At
247 941 270 994 si
287 939 425 994 condoluit
440 942 576 994 tentatum
592 939 693 1007 frigore
710 956 814 1007 corpus,
982 953 1008 993 m

167 1017 225 1070 Aut
242 1015 310 1070 adius
326 1031 404 1070 casus
417 1012 488 1069 lecto
508 1018 538 1069 te
555 1014 659 1082 adfixit,
676 1013 761 1067 habes
779 1014 825 1082 qui

167 1091 310 1157 Adsideat,
328 1090 448 1144 fomenta
464 1093 550 1157 paret,
568 1089 703 1142 medicum
720 1094 799 1156 roget
816 1092 893 1142 utto

168 1165 286 1219 Srucitet
302 1180 334 1218 ac
350 1165 440 1232 gnatis
457 1163 555 1217 reddat
573 1165 695 1232 carisque
712 1164 891 1232 propinquia’'

169 1241 230 1294 Non
246 1256 316 1295 uxor
332 1240 435 1292 snitum
453 1243 481 1292 te
499 1238 564 1304 vult,
582 1255 636 1292 non
653 1239 739 1303 filius;
756 1255 849 1292 onmes

169 1315 258 1368 Vicini
275 1314 398 1380 edomant,
415 1313 481 1377 noti,
498 1313 576 1381 pueri
593 1317 677 1381 atque
693 1313 805 1381 puellae.
986 1326 1011 1367 as

170 1389 286 1455 Mimris,
304 1403 388 1456 quum
405 1390 437 1440 tu
454 1391 567 1454 argento
583 1393 646 1455 post
663 1389 752 1441 omnia
768 1403 859 1456 ponas,

170 1464 199 1518 Si
216 1479 294 1517 nemo
311 1465 433 1531 praestet
450 1478 531 1530 quam
548 1478 602 1515 non
620 1462 749 1516 merearis
766 1463 901 1516 umorem?

171 1540 217 1594 An
234 1539 257 1592 si
274 1542 409 1606 cognatos,
426 1538 500 1592 nullo
516 1541 614 1591 natura
631 1537 724 1591 labore

172 1615 245 1681 Quos
260 1614 312 1667 tibi
329 1612 385 1680 dat,
403 1613 521 1668 retinere
538 1613 605 1666 velis
622 1629 786 1682 servareque
801 1613 908 1680 amicos,

173 1689 271 1744 Infelix
289 1704 400 1758 operam
416 1688 532 1756 perdast
549 1691 582 1742 ut
598 1688 622 1742 si
639 1687 700 1756 quis
717 1687 830 1742 asellum
989 1701 1013 1741 ιο

173 1765 207 1818 In
225 1764 325 1832 Campo
342 1762 438 1818 doceat
454 1767 596 1831 parentem
612 1779 723 1817 currere
737 1763 828 1816 frenis

173 1839 297 1906 Denique
313 1838 350 1892 sit
366 1838 428 1892 finis
445 1838 601 1908 quaerendi,
618 1855 756 1908 quumque
772 1837 874 1892 habeas
890 1836 953 1906 phu

174 1913 335 1981 Pauperiem
351 1916 457 1968 metuas
473 1915 562 1968 minus
578 1918 608 1969 et
625 1914 704 1968 finire
721 1913 842 1967 laborem

175 1988 298 2055 incipias,
314 1991 393 2056 parto
410 1989 484 2056 quod
500 1989 605 2056 erebus,
622 2005 657 2042 ne
674 1989 757 2042 facias
774 1989 849 2057 quod

174 2061 328 2116 Ummidius
344 2061 469 2130 quidam
486 2079 540 2116 non
551 2063 637 2131 'longa
654 2068 697 2118 est
714 2064 817 2118 fabula:
835 2064 911 2117 dives
990 2077 1015 2118 at

174 2138 214 2191 Ut
231 2137 375 2210 metiretur
391 2153 528 2202 nummum
544 2138 585 2192 ita
602 2139 729 2192 sordidus
745 2143 778 2192 nt
794 2155 824 2192 se

174 2212 200 2266 N
202 2228 236 2265 on
253 2227 373 2280 unquam
390 2227 467 2266 servo
484 2213 580 2267 melius
597 2214 726 2278 vestiret;
743 2213 866 2282 adusque

175 2287 336 2355 Supremum
346 2290 469 2356 tempus,
487 2297 522 2342 ne
539 2305 569 2342 so
585 2290 698 2357 penuria
714 2289 802 2342 vietus

175 2361 347 2431 Opprimeret
364 2363 510 2418 metuebat.
545 2365 586 2418 At
602 2365 673 2418 hunc
689 2363 788 2417 liberta
804 2361 891 2416 securi

174 2437 275 2508 Divisit
291 2437 419 2506 medium,
436 2438 583 2493 fortissima
599 2439 820 2508 Tyndaridarum.
979 2449 1014 2491 ιω

175 2514 192 2542 “
199 2513 272 2578 Quid
288 2513 326 2566 mi
343 2513 427 2580 igitur
444 2513 561 2568 suadesi
578 2517 611 2568 ut
627 2515 715 2568 vivam
732 2512 876 2567 Maenius?
892 2514 942 2566 aut
958 2511 998 2565 sio

138 2643 144 2658 ,
175 2587 215 2642 Ut
232 2588 418 2641 Nomentanus
427 2587 454 2642 ι’
489 2588 583 2654 Pergis
599 2589 748 2657 pugnantia
765 2603 856 2642 secum

175 2662 321 2717 Frontibus
337 2662 459 2716 adversis
476 2678 649 2730 componere:
666 2680 720 2716 nou
737 2679 788 2730 ego
805 2679 916 2717 avarum

175 2736 265 2799 Quum
282 2739 345 2788 veto
361 2739 392 2788 te
408 2736 468 2788 fieri
483 2751 596 2802 vappam
610 2736 696 2802 jubeo
712 2753 745 2791 ac
761 2738 930 2792 nebulonem.

174 2809 226 2863 Est
242 2809 315 2861 inter
332 2809 435 2862 Tanain
452 2808 582 2878 quiddam
600 2826 775 2880 socerumque
792 2811 897 2868 viselli.
984 2825 1017 2869 uu

175 2881 226 2935 Est
242 2883 339 2936 modus
356 2884 385 2936 in
401 2883 490 2950 rebus,
508 2887 572 2937 sunt
588 2885 656 2940 certi
673 2884 792 2953 denique
809 2887 885 2955 fines,

176 2955 249 3018 Quos
266 2955 339 3010 ultra
355 2958 477 3026 citraque
494 2959 590 3027 nequit
607 2959 755 3013 consistere
772 2963 884 3016 rectum.

177 3028 246 3080 illuc
262 3030 335 3083 uude
352 3031 407 3084 abii
423 3033 514 3100 redeo,
531 3049 611 3086 nemo
627 3036 660 3086 ut
677 3049 774 3090 avarus

176 3101 213 3154 Se
229 3103 327 3169 probet
343 3121 374 3158 ac
391 3107 481 3172 potius
498 3107 593 3160 laudet
609 3105 717 3162 diversa
733 3111 887 3176 sequentes,

177 3173 310 3243 Quodque
327 3175 414 3231 aliena
430 3179 532 3247 capella
546 3184 626 3246 gerat
642 3180 788 3236 distentim
804 3181 874 3236 uber
987 3198 1020 3240 nt
