2276 3448
130 185 177 232 208
402 183 553 235 Hosnffl
569 183 700 234 FLAGCI

130 263 261 318 Offendor
278 264 397 334 praculis,
416 281 484 333 quas
501 259 550 318 aut
566 263 671 318 incuria
687 265 760 319 fudit

130 340 191 392 Aut
208 335 327 393 humana
343 349 439 408 partun
459 336 529 394 mvii
547 340 652 394 natura
688 340 760 404 Quid
780 358 844 409 crgo
863 343 923 398 cstl

130 413 170 466 Ut
189 414 304 482 scriptor
323 416 345 468 si
363 418 457 482 peccat
475 401 548 469 idom
566 409 693 469 librarius
711 410 797 482 usquo
896 479 899 484 Ι

131 488 259 552 Quamvis
277 491 319 542 cst
337 490 456 544 monitus
474 489 552 544 venia
570 491 659 554 caret;
677 495 708 543 ut
725 490 899 544 citharoedus
940 504 977 546 ³55

131 563 250 619 ltidctur
268 563 370 618 chorda
387 563 434 633 qui
452 580 559 631 semper
576 563 687 618 oberrat
705 565 815 620 eadem:

130 640 176 694 Sic
193 639 260 694 mihi
278 640 325 708 qui
342 640 459 694 multum
475 641 564 694 cessat
583 639 616 692 fit
636 639 778 692 Choerilus
794 639 849 706 ille,
911 651 918 664 ·

131 716 218 781 Quem
235 711 279 784 bis
297 719 374 770 terve
391 706 492 768 bonum
508 729 571 767 cum
589 714 647 767 risu
664 714 764 779 miron
781 719 811 768 ct
828 715 903 770 idem

131 792 263 860 Indignor
282 790 444 859 quandoque
462 788 550 843 bonus
568 787 700 842 dormitat
719 789 871 856 Homerum

50 913 55 924 .
131 867 245 934 (Verum
264 865 339 934 operi
357 865 436 933 longo
454 863 496 918 fes
514 865 560 934 est
575 862 707 932 obrepere
725 867 864 931 somnum.)
943 880 978 920 aco

130 943 171 996 Ut
189 943 296 1011 pictura
315 939 418 1008 potisis:
435 937 489 993 erit
507 953 577 1006 quae
595 937 619 990 si
637 938 748 1006 propius
765 943 825 993 stes

131 1018 170 1071 Te
186 1017 276 1086 capiat
294 1015 388 1082 magis,
408 1010 592 1082 ct'quacdam
611 1013 634 1066 si
653 1012 760 1081 longius
778 1014 877 1069 obstes.

131 1092 210 1146 Haeo
226 1094 300 1146 amat
317 1089 468 1156 obscurum,
484 1088 560 1150 ,volet
578 1088 645 1142 haec
662 1089 717 1142 sub
731 1089 792 1143 luco
807 1090 901 1159 videri,

131 1167 240 1221 iudicis
257 1169 386 1234 argutum
403 1180 474 1232 quae
490 1158 544 1217 noir
562 1163 694 1218 formidat
713 1181 841 1231 acumem
884 1159 886 1164 ’

132 1242 211 1305 Haec
228 1241 330 1311 placuit
347 1239 439 1307 semel,
456 1238 524 1292 haec
542 1238 633 1293 decies
650 1241 769 1308 repetita
787 1241 912 1310 placebit.
943 1255 979 1295 aas

132 1318 156 1371 0
175 1317 263 1386 major
277 1315 417 1384 juvenum,
437 1313 560 1380 quamvis
578 1317 609 1367 et
626 1330 692 1368 voce
710 1318 827 1382 paterna

132 1392 257 1460 Fingeris
273 1391 310 1444 ad
326 1393 432 1442 rectum
449 1392 479 1443 et
495 1404 545 1456 per
561 1391 591 1442 te
608 1390 690 1458 sapis,
707 1389 759 1444 hoc
775 1391 827 1445 tibi
844 1390 947 1446 dictum

132 1467 208 1521 'folle
226 1481 338 1532 memor,
356 1463 439 1518 certis
456 1463 577 1517 medium
596 1467 625 1518 et
643 1464 786 1520 tolerabile
803 1465 885 1520 rebus

133 1542 219 1597 Recte
237 1539 354 1597 concedi
373 1538 535 1602 [consultus
549 1538 622 1606 juris
642 1543 672 1593 et
690 1543 767 1594 actor

133 1613 282 1672 Causarum
300 1613 444 1670 mediocris
462 1613 541 1668 abest
557 1613 660 1668 virtute
677 1614 774 1669 diserti
946 1631 982 1672 ero
1011 1671 1013 1675 ,

133 1693 278 1747 Messallae
298 1707 348 1744 nec
367 1690 418 1744 scit
437 1685 571 1758 quantum'
588 1689 734 1744 Cascellius
752 1691 848 1760 Aulus,

134 1768 190 1823 Sed
207 1771 301 1822 tamen
317 1765 346 1819 in
364 1765 454 1834 pretio
472 1767 528 1818 cst:
546 1764 728 1818 mediocribus
746 1781 806 1820 esse
823 1765 913 1834 potitis

134 1843 198 1897 illon
215 1842 345 1907 homines,
364 1856 418 1894 non
436 1839 473 1906 di,
491 1855 546 1893 non
564 1855 721 1894 concessere
738 1841 886 1895 columnae.

134 1918 176 1972 Ut
192 1921 285 1986 gratas
302 1916 382 1978 inter,
392 1929 501 1970 mensas
519 1915 679 1982 symphonia
697 1915 800 1970 discors
830 1961 834 1967 .

135 1993 176 2056 Et,
184 2008 303 2046 crassum
313 1993 482 2058 unguentum
494 1992 524 2044 ct
536 1989 623 2044 Sardo
634 2006 696 2044 cum
707 1990 787 2044 melle
798 2007 916 2066 papavcp
946 2007 983 2046 aas

136 2067 292 2133 Offendunt,
310 2067 419 2134 poterat
437 2063 500 2116 duci
521 2063 585 2132 quia
603 2080 686 2119 coena
707 2065 765 2119 sine
783 2066 855 2120 istis:

27 2175 31 2180 -
136 2143 181 2196 Sic
197 2141 298 2204 animis
311 2141 406 2192 uatum
424 2137 620 2206 inventumque
637 2145 735 2208 poema
747 2140 884 2210 juvandis,

136 2219 166 2272 Si
183 2215 295 2287 paulum
312 2228 417 2276 summo
434 2211 553 2270 ¹decessit
571 2215 661 2281 vergit
676 2215 714 2268 ad
732 2216 823 2270 imum.

137 2293 246 2347 Ludere
264 2289 312 2359 qui
329 2287 416 2343 nescit
434 2287 633 2355 campestribus
649 2288 770 2344 abstinet
786 2291 876 2357 armis,

35 2391 38 2396 ·
138 2369 323 2434 Indoctusquc
340 2363 412 2433 pilae
431 2362 532 2416 discive
549 2363 670 2418 trochive
688 2366 810 2434 quiescit,
948 2381 984 2421 aaa
1093 2371 1101 2386 ⁹

137 2443 181 2497 No
200 2443 301 2510 spissae
320 2440 405 2493 risum
424 2437 523 2492 tollant
541 2438 651 2507 impune
670 2456 797 2495 coronae:

138 2519 191 2583 Qui
209 2516 296 2570 noscit
314 2529 409 2568 versus
427 2516 519 2566 tamen
537 2513 622 2568 audet
639 2514 751 2582 fingere.
787 2515 906 2580 Quidnil

138 2593 222 2646 Liber
240 2595 269 2645 et
287 2591 427 2657 ingenuus,
446 2588 607 2655 praesertim
627 2603 723 2642 census
742 2594 898 2657 equestrem

138 2670 276 2723 Summam
294 2678 464 2718 nummorum
483 2662 604 2730 vitioque
621 2667 743 2717 remotus
760 2664 795 2718 ab
812 2667 893 2721 omni.
978 2722 982 2728 ,

138 2745 180 2796 Tu
197 2741 265 2795 nihil
285 2739 371 2792 invita
389 2737 464 2791 dices
481 2737 599 2790 faciesne
617 2737 756 2803 Minerva;
950 2756 985 2798 nnn

139 2817 174 2870 Id
192 2815 244 2868 tibi
259 2813 395 2882 judicium
414 2814 464 2878 est,
483 2827 516 2865 ea
534 2828 619 2872 mons.
655 2811 684 2865 si
703 2814 770 2882 quid
787 2817 879 2869 tamon
897 2816 969 2869 olim·

139 2890 285 2957 Scripseris
301 2888 330 2940 in
350 2886 440 2949 Maeci
459 2885 607 2940 descendat
622 2886 724 2955 judicis
743 2905 824 2942 aures

139 2964 177 3017 Ilt
192 2963 278 3029 patris
297 2965 326 3015 ot
343 2965 458 3027 nostres,
476 2977 631 3028 nonumque
647 2967 788 3031 prematur
805 2964 833 3017 in
850 2981 958 3034 annulo,

139 3035 307 3090 Membranis
323 3036 397 3088 intus
415 3035 524 3103 positis:
542 3035 636 3092 delere
653 3036 747 3092 licebit

139 3107 220 3174 Quod
236 3123 290 3158 non
307 3107 440 3172 edideris;
456 3109 544 3162 nescit
560 3126 612 3164 vox
629 3110 713 3167 missa
729 3113 838 3167 reverti.
951 3132 989 3171 roo

140 3181 284 3236 silvestres
301 3179 423 3233 homiues
440 3197 516 3235 sacer
533 3183 723 3252 interpresque
740 3186 854 3243 deorum
994 3187 996 3192 ’
