2268 3448
194 901 259 1106 qr*

420 173 625 225 OARMINUM
641 175 694 226 111.
713 181 735 226 3.
967 177 1000 224 45

327 249 443 319 Periure
459 268 597 322 pugnaces
615 255 735 309 Achivos
888 275 913 314 Α

359 325 505 382 Hectoreis
523 329 620 396 opibus
637 329 812 397 refringit*
884 295 915 365 ‘l

291 398 318 453 N
320 401 455 469 ostiisque
471 402 584 456 ductum
601 403 780 458 seditionibus

290 474 397 528 Bellum
414 477 524 530 resedit.
559 477 688 532 Protinus
706 481 849 546 etgraves
975 494 997 533 ac

325 549 385 602 Iras
402 554 431 603 et
447 551 563 604 inrisum
580 556 708 620 nepotem

324 679 326 684 ,
358 623 453 678 Troica
469 642 550 694 quern
567 627 675 694 peperit
692 625 818 680 sacerdos

290 696 375 752 Marti
391 698 542 764 redonabo;
559 699 636 754 illum
654 717 705 768 ego
722 700 825 753 lucidas

291 771 366 826 Inire
384 774 470 840 sedes,
488 776 588 829 ducere
606 775 725 828 nectaris

260 845 429 936 &Succos
447 852 475 902 et
492 849 609 903 adscribi
627 849 726 918 quietis

359 919 508 975 Ordinibus
524 923 613 989 patiar
630 924 750 978 deorum.

291 991 364 1048 Dum
381 991 476 1063 longus
493 997 566 1050 inter
583 998 685 1052 saeviat
703 981 785 1051 llion‘
824 997 837 1006 ”

290 1066 459 1138 Romamque
476 1074 577 1138 pontus
594 1072 716 1139 qualibet
733 1071 840 1125 exsules

323 1141 358 1196 In
375 1149 454 1210 purte
471 1149 603 1211 regnanto
622 1144 710 1210 beati;

356 1216 429 1271 Dum
471 1219 554 1278 riuuii¹
567 1219 728 1288 Paridisque
745 1218 826 1272 busto

289 1289 409 1346 Insultct
426 1309 443 1346 a
597 1297 627 1346 et
643 1294 746 1348 catulos
763 1294 837 1348 ferae

289 1365 385 1420 Celent
401 1366 504 1420 inultae
523 1371 579 1421 stet
597 1367 760 1436 Capitolium

303 1439 447 1507 =Ilulgcns,
464 1441 695 1510 triumphatisque
712 1442 798 1510 possit

356 1513 443 1567 Roma
459 1515 536 1568 ferox
554 1516 621 1569 dare
634 1516 700 1583 jure
718 1516 813 1570 Medis

288 1585 435 1642 Horrenda
452 1589 507 1641 late
524 1604 623 1642 nomen
639 1589 668 1642 in
685 1589 795 1642 ultimos

288 1661 426 1714 Extendat
444 1678 513 1727 oras,
531 1678 585 1730 qua
601 1662 707 1716 medius
724 1662 814 1730 liquor

320 1734 443 1790 Secernit
461 1735 588 1804 Europen
605 1736 640 1790 ab
659 1736 736 1804 Afro,
822 1795 828 1814 ἱ

355 1807 415 1872 Qua
431 1809 553 1864 tumidus
570 1810 642 1878 riget
659 1827 724 1864 arva
741 1810 767 1864 N
768 1810 829 1878 ilus,

286 1882 392 1936 Aurum
409 1883 572 1952 inrepertum
589 1889 619 1938 et
636 1885 674 1939 sic
691 1885 788 1938 melius
806 1881 887 1941 situm

288 1956 356 2010 (lum
373 1961 449 2010 terra
466 1959 537 2012 celet
554 1975 684 2028 spernere
701 1960 797 2013 fortior

319 2030 405 2096 Quam
423 2049 520 2099 cogere
537 2032 668 2086 humanos
686 2035 714 2086 in
731 2051 797 2088 usus

353 2104 441 2159 Omne
459 2123 565 2160 sacrum
581 2109 704 2178 rapiente
722 2109 827 2162 dextra.

285 2177 442 2248 Quicunque
459 2182 561 2234 inundo
578 2183 710 2236 terminus
727 2183 836 2237 obstitit

285 2251 368 2306 Hunc
385 2258 480 2322 tangat
497 2257 586 2323 armis,
604 2257 691 2310 visere
708 2257 829 2324 gestiens

318 2327 378 2391 Qua
394 2333 474 2396 parte
491 2329 693 2383 debacchentur
710 2331 807 2398 ignes'

351 2402 411 2465 Qua
427 2403 542 2456 nebulae
558 2404 697 2470 pluviique
714 2419 796 2456 rores.

284 2473 340 2526 Sed
355 2475 489 2528 bellicosis
506 2477 564 2528 fata
581 2476 731 2539 Quiritibus

284 2547 344 2600 Hac
362 2549 422 2616 lege
440 2549 506 2616 dico,
524 2566 558 2603 ne
575 2551 689 2604 nimium
705 2551 744 2620 pii

318 2621 465 2691 Rebusque
482 2623 600 2678 fidentes
616 2625 741 2709 avitae.X

351 2696 434 2750 Tecta
450 2698 536 2752 velint
552 2715 679 2767 reparare
696 2699 800 2755 Troiae.

278 2767 379 2832 'Troiae
396 2787 538 2825 renascens
555 2774 621 2826 alite
638 2763 746 2840 lugubri

283 2842 404 2899 Fortuna
420 2847 493 2899 tristi
511 2847 588 2900 clade
606 2849 758 2914 iterabitur,

294 2985 298 2994 q
316 2918 441 2974 Ducente
458 2921 584 2976 uictrices
601 2927 724 2976 catervas

350 2993 472 3062 Coujugo
489 3011 534 3048 rne
551 2996 629 3049 ,lovis
645 3000 675 3049 et
692 3011 789 3050 sorore.

281 3064 334 3120 'l‘er
352 3069 374 3120 si
392 3072 517 3137 resurgat
534 3086 628 3122 murus
645 3073 744 3123 aeneus

283 3144 405 3196 Auctore
425 3143 533 3198 Phoebo
550 3146 595 3198 ter
611 3147 706 3214 pereat
724 3143 793 3196 meis
809 3187 822 3211 ,

662 3325 679 3357 κ
710 3317 714 3323 .
