2268 3448
374 194 381 206 .
425 151 578 200 HORATII
595 149 725 200 FLACOI

252 230 311 286 llos
327 230 456 298 convivia,
474 247 524 284 nos
542 230 645 299 proelia
661 231 791 298 virgimnn

253 305 341 360 Sectis
357 306 386 359 in
399 305 516 374 juvenes
533 305 672 373 unguibus
689 307 790 359 acrium

254 379 402 436 (lactamus
419 380 503 448 vacui,
522 381 579 434 sive
597 381 664 450 quid
681 381 786 434 urimur

287 455 314 509 N
316 471 351 508 on
367 457 478 523 practer
495 455 605 514 solitum
622 456 701 512 leros.

152 693 168 711 .
213 657 340 744 ,χω
353 647 390 727 J
421 675 455 706 ι
485 663 609 719 vn

152 751 332 806 Lsunsnunr
348 751 395 806 clii
412 685 513 806 cleram
532 752 648 806 Rhodon
666 755 715 808 out
731 752 879 824 Mitylenen

187 829 247 881 Ant
264 827 391 895 Epheson
407 826 553 881 bimarisve
572 828 696 882 Corinthi

152 901 262 956 Moenia
279 901 323 956 vel
341 901 448 956 Baccho
466 901 574 956 lhcbas
590 902 634 957 rel
652 901 779 971 Apolline
797 901 916 971 Delphos

187 975 312 1044 Insignes
328 980 377 1031 eut
395 977 525 1032 Thessalo
541 978 650 1046 Tempe.

152 1051 223 1106 Sunt
234 1052 333 1120 quibus
345 1069 429 1106 unum
440 1069 509 1121 opus
520 1057 564 1107 est
575 1054 695 1107 intectae
707 1051 826 1106 Palladis
837 1051 943 1118 urbem,
985 1064 1000 1108 ε

186 1125 314 1181 Osmiine
331 1132 464 1196 perpetuo
482 1127 621 1182 celebrare
638 1132 668 1188 et

101 1231 111 1250 ·
151 1201 283 1271 Undique
301 1203 459 1272 decerptam
475 1203 559 1256 fronti
576 1217 743 1272 proeponore
761 1203 866 1257 olivam.

187 1277 324 1330 Plurimus
341 1278 371 1330 in
388 1277 505 1330 Junonis
522 1277 652 1331 honorem
711 1283 716 1292 '

153 1353 259 1421 Aptum
277 1351 351 1406 dicet
368 1351 445 1420 equis
463 1353 553 1420 Argos
571 1352 697 1422 ditcsquo
715 1353 851 1421 Mycenas.

97 1451 103 1463 ¹
187 1427 302 1482 Moneo
318 1430 376 1480 tem
392 1425 499 1495 patiens
517 1427 703 1482 Lacedaemon
979 1442 1002 1484 ιο

152 1501 179 1556 N
181 1519 213 1556 ec
230 1505 287 1556 tum
305 1502 430 1556 Larissae
447 1503 583 1571 percussit
600 1519 711 1572 campus
728 1503 842 1573 opimae,

187 1578 275 1642 Quum
292 1577 388 1631 domus
406 1577 548 1632 Albuneae
565 1579 719 1632 resonantis

153 1653 191 1707 Et
207 1669 335 1722 praeceps
354 1651 426 1707 Anio
442 1669 475 1707 ec
492 1652 605 1707 Tiburni
622 1653 698 1708 lucus
716 1656 745 1708 et
761 1652 818 1706 uda

187 1729 335 1782 Mobilibus
351 1728 474 1796 pomaria
491 1729 563 1782 rivis.
689 1735 693 1742 '

40 1795 42 1800 ’
154 1803 243 1858 Albus
259 1809 292 1857 ut
308 1803 422 1856 obscuro
439 1801 567 1868 deterget
583 1801 678 1855 nubila
695 1801 788 1854 caelo*
979 1815 1002 1857 ιε

188 1879 275 1950 Saepe
292 1878 319 1930 N
321 1880 382 1930 otus
398 1891 489 1944 neque
506 1876 626 1944 parturit
643 1875 745 1928 imbros

154 1953 296 2022 Perpetuo,
314 1952 352 2006 sic
369 1954 402 2005 tu
419 1951 525 2019 sopiens
542 1951 621 2004 fin'rre
638 1952 773 2004 memento

188 2028 339 2082 'iristitiam
356 2024 484 2095 'vitaeque
500 2025 608 2080 labores

153 2104 237 2172 Molli,
257 2103 363 2169 Plance,
381 2117 464 2169 mero,
482 2102 531 2155 seu
548 2105 577 2156 te
594 2101 727 2170 fulgentia
744 2101 826 2171 signis

188 2181 285 2234 Castra
301 2180 399 2232 tenent
416 2193 465 2231 seu
483 2177 567 2231 densa
584 2177 690 2232 tenebit
972 2192 997 2229 ιι

153 2255 261 2310 'liburie
277 2253 374 2307 umbre
391 2253 439 2308 tui.
475 2252 578 2328 Teucer
596 2253 798 2307 Salaminat
750 2256 798 2322 pat
799 2268 910 2322 remque

188 2330 257 2385 (lum
274 2329 382 2398 fugeret
397 2331 490 2382 tamen
507 2329 563 2382 ude
580 2329 669 2398 Lyaeo

153 2405 287 2474 'l'empore
303 2405 418 2475 populeo
434 2405 523 2458 fertur
540 2404 658 2459 vinxisse
675 2420 779 2474 corona,

188 2481 592 2536 thmmtmmm
655 2497 659 2506 ·

154 2557 214 2623 Quo
230 2572 280 2610 nos
297 2572 416 2644 cunque
420 2558 490 2610 ieret
507 2557 603 2610 melior
619 2556 730 2611 fortuna
746 2558 859 2625 parente
976 2567 1000 2606 u

189 2632 302 2699 Ibimus,
320 2647 337 2684 o
354 2632 418 2685 socii
434 2632 608 2700 comitesque

136 2707 203 2763 'Nil
220 2673 420 2793 desperandum
437 2705 540 2759 Teucro
557 2707 626 2759 duce
643 2709 673 2761 et
690 2707 799 2775 auspice
815 2704 936 2770 ‘leucr;o

190 2783 288 2838 Certus
305 2781 377 2834 enim
394 2780 518 2849 promisit
536 2780 634 2846 Apollo

74 2879 77 2886 ⁴
156 2858 321 2925 Ambiguum
338 2855 437 2910 tellure
454 2871 524 2908 nove
542 2854 677 2914 Salamine
693 2857 736 2910 int
724 2859 820 2911 turam

190 2933 214 2985 O
232 2933 317 2984 fortes
333 2930 481 2999 pejoraque
497 2931 570 2998 possi
973 2950 995 2991 ιιι

155 3006 265 3060 Mecum
283 3021 362 3071 saepe
379 3005 438 3072 viri,
455 3019 526 3058 nunc
544 3005 606 3058 vino
622 3004 716 3072 pellite
734 3019 827 3067 curav,

191 3081 259 3134 Cras
275 3079 370 3148 ingens
386 3077 544 3132 iterabimus
561 3092 669 3146 aequor.
