2276 3448
379 121 697 183 'nrrsronnnunrn
718 135 756 184 ιι,
954 131 1000 182 177

152 286 199 341 Nn
216 265 384 357 perconteris
402 287 502 342 fundus
519 219 617 354 mXeuiysI
622 289 725 356 optime
743 288 844 356 Quinti,

154 363 230 416 Arvo
247 365 341 430 pascat
357 362 454 416 herum
472 379 507 416 an
524 363 613 418 baccis
630 365 772 432 opulentet
789 363 882 432 olivae,

154 437 282 490 Pomisne
299 440 329 491 et
345 439 432 504 pratis
450 455 485 492 an
502 439 601 493 amicta
618 439 719 492 vitibus
736 439 816 505 ulmo,

154 511 296 565 scribetur
313 512 364 566 tibi
382 514 470 566 forma
487 513 637 582 loquaciter
654 517 683 567 et
702 514 771 568 situs
789 513 854 580 agri.

154 587 282 640 Continui
298 591 405 641 montes
422 588 451 640 ni
468 587 649 642 dissocientur
666 605 750 656 opaca
988 599 1002 641 6

153 661 242 728 Valle,
261 661 311 716 sed
328 667 360 716 ut
377 663 489 716 veniens
507 663 634 716 dextrum
653 663 726 716 latus
743 662 875 731 adspiciat
893 660 946 727 Sol,

43 771 51 786 .
154 735 276 789 Laevum
294 736 437 790 discedens
454 753 536 792 curru
552 737 675 805 fugiente
692 741 812 805 vaporet.

155 809 326 879 Temperiem
343 811 445 866 laudes.
480 812 561 880 Quid,
579 813 770 866 sirubieunda
787 811 898 879 benigni
980 827 982 831 ·

155 885 245 938 Corne
263 903 360 954 vepres
378 891 407 940 et
424 903 512 954 pruna
527 887 625 955 ierant,
643 887 666 938 si
684 903 800 955 quercus
817 891 847 940 et
862 887 918 939 ilex

154 959 247 1013 Multa
263 961 343 1028 fruge
360 977 443 1030 pecus
460 961 547 1015 multa
564 961 703 1014 dominum
716 961 797 1029 juvet
813 955 950 1028 umbra,
980 973 1003 1012 ro

156 1033 240 1088 Dicas
258 1035 408 1090 adductum
425 1036 536 1106 propius
553 1036 681 1089 frondere
699 1037 955 1088 'Parentum'

157 1107 231 1162 Fons
249 1111 331 1164 etiam
348 1111 407 1164 rivo
424 1110 491 1164 dare
508 1126 606 1164 nomen
623 1111 744 1177 idoneus,
762 1114 793 1162 ut
810 1125 861 1162 neo

157 1183 295 1252 Frigidior
313 1185 444 1240 Thracam
461 1201 511 1238 nee
527 1185 621 1254 purior
637 1185 740 1251 ambiat
758 1183 878 1252 Hebrus,

131 1295 134 1300 ,
158 1259 272 1314 Infirmo
289 1261 372 1330 copiti
390 1260 450 1314 fluit
468 1259 551 1328 utilis,
568 1260 643 1314 utilis
660 1261 728 1314 alvo.

159 1335 222 1389 Hae
238 1335 360 1390 latebrae
378 1335 478 1398 dulces,
497 1336 580 1388 etiam
598 1335 621 1388 si
638 1333 728 1389 eredis
745 1351 880 1402 amoenae,
980 1347 1002 1388 ιε

160 1411 326 1464 incolumem
343 1410 395 1464 tibi
414 1428 457 1463 me
475 1414 615 1477 praestant
634 1409 841 1478 Septembribus
857 1409 939 1462 horis.

159 1486 201 1539 'l'u
217 1489 291 1540 recte
308 1485 375 1538 vivis
393 1485 415 1538 si
434 1501 511 1537 curas
529 1501 589 1537 esse
607 1485 681 1552 quod
697 1484 783 1538 audis.

159 1561 300 1614 Jactamus
313 1559 479 1627 jampridem
498 1559 584 1611 omnis
599 1562 629 1612 te
648 1558 735 1612 Roma
751 1558 876 1622 beatum;

159 1637 215 1688 Sed
225 1639 328 1688 'vereor
344 1651 380 1687 ne
398 1634 441 1686 cui
459 1634 495 1686 de
512 1639 547 1706 te
558 1634 620 1702 plus
638 1649 719 1702 quam
737 1633 789 1687 tibi
806 1633 909 1700 credas,

159 1710 185 1762 N
187 1725 237 1763 eve
253 1712 334 1778 putes
351 1709 434 1762 alium
452 1709 574 1776 sapiente
591 1708 716 1777 bonoque
734 1707 854 1775 beatum,
974 1730 999 1770 ῃ

160 1785 223 1838 Neu
240 1785 263 1837 si
280 1789 310 1838 te
327 1783 444 1852 populus
462 1799 557 1836 sanum
575 1787 704 1852 reeteque
720 1783 854 1836 valentem

160 1859 224 1912 Dict
224 1859 276 1912 itet
293 1859 425 1911 occultam
442 1857 548 1912 febrem
565 1857 616 1912 sub
632 1861 742 1927 tempus
760 1857 859 1911 edendi

160 1933 328 1999 Dissimules,
347 1933 433 1986 donec
449 1933 574 1986 manibus
591 1936 694 1988 tremor
710 1933 813 1994 incidet
801 1932 926 1986 tunctis.

160 2010 311 2074 Stultorum
327 2009 451 2063 incurata
468 2009 557 2076 pudor
574 2009 661 2064 malus
678 2009 769 2063 ulcera
786 2009 863 2063 celat.

120 2135 124 2142 ,
160 2085 189 2136 Si
208 2083 268 2152 quis
285 2083 358 2138 belia
374 2083 426 2138 tibi
443 2087 518 2138 terra
534 2088 656 2153 pugnata
672 2085 794 2152 marique
982 2093 1005 2134 ιι

160 2157 242 2212 Dicat
259 2158 348 2212 ethis
365 2157 455 2212 verbis
473 2175 570 2212 vacuas
587 2160 754 2228 meulceat
771 2175 864 2212 aures:
951 2153 955 2160 ’

161 2233 258 2286 “Tene
270 2234 356 2321 magis
373 2231 476 2286 salvum
494 2233 609 2319 populus
627 2234 694 2288 uelit
682 2238 746 2288 tan
763 2233 893 2302 populum
911 2235 943 2284 tu

160 2308 282 2362 Serret'
274 2325 303 2361 m
320 2307 446 2375 ambiguo
456 2308 511 2394 'qui
528 2308 644 2360 consulit
661 2313 690 2360 et
707 2308 758 2359 tibi
776 2313 805 2360 et
821 2306 883 2358 urbi

160 2383 323 2453 Juppiter;''
344 2382 464 2470 Augusti
442 2381 577 2435 tlaudes
594 2398 750 2470 agnoscere
759 2381 859 2468 possis:

161 2461 230 2514 Cum
247 2458 350 2527 pateris
368 2458 476 2526 sapiens
494 2439 750 2524 emendatusque
725 2455 822 2523 vocari,

160 2532 355 2603 Respondesne
372 2536 419 2584 tuo
437 2531 481 2584 dio
499 2530 579 2584 sodes
596 2531 720 2585 nominet
755 2530 862 2598 Nempe

160 2610 212 2662 Vir
228 2608 316 2662 bonus
335 2611 365 2661 et
381 2606 502 2676 prudern
521 2605 575 2659 dici
592 2606 715 2660 delector
732 2623 783 2674 ego
800 2623 832 2659 ac
848 2609 887 2658 tn.

88 2712 90 2716 ·
160 2683 213 2746 Qui
232 2683 310 2736 dedit
326 2683 378 2735 hoc
396 2681 478 2734 hodie
496 2699 556 2735 cras
574 2682 597 2734 si
615 2681 688 2742 volet
705 2683 819 2748 auferet,
835 2684 868 2733 ut
885 2679 908 2732 si

159 2757 298 2812 Detulerit
316 2757 403 2810 fasces
420 2756 532 2824 indigno
550 2755 678 2810 detrahet
694 2755 776 2810 idem.

159 2833 174 2860 ‘⁴
181 2833 263 2900 Pone,
280 2848 371 2885 meum
389 2831 464 2885 est:''
482 2832 578 2899 inquit.
614 2831 690 2884 Pono
706 2832 848 2898 tristisque
866 2827 972 2893 recedo.
983 2843 1007 2885 ss

160 2907 241 2960 Idem
259 2907 282 2960 si
299 2907 398 2960 clamet
415 2906 612 2972 furem‚·neget
629 2905 842 2974 essepudicnm,
875 2943 878 2968 2
900 2962 903 2968 ,

160 2975 316 3036 Contendat
332 2981 430 3048 laqueo
448 2980 546 3032 coll-um
563 2980 694 3048 pressisse
711 2983 869 3046 paternum

160 3058 289 3111 Mordear
307 3055 459 3124 opprobriis
476 3053 551 3106 falsis
569 3057 727 3119 mutemque
744 3053 862 3107 coioreei

161 3133 258 3185 Falsus
274 3131 360 3184 honor
374 3129 454 3196 juvat
472 3133 501 3180 et
519 3126 637 3179 mendax
654 3126 765 3179 infamia
782 3131 869 3180 terret
988 3145 1009 3184 aa
