2276 3448
295 220 299 225 .
378 141 634 194 EPISTULARUM
651 142 673 193 1.
695 141 737 196 lu
932 146 977 198 179

507 275 603 331 XVII.

129 373 267 442 Qumms,
285 374 393 440 Scaeva,
413 371 480 427 satis
496 376 592 441 perte
610 370 661 426 tibi
679 371 806 441 consulis,
823 370 854 428 et
872 372 925 428 seis
994 392 998 398 ·

129 450 190 513 Quo
206 449 318 513 tandem
335 452 415 517 pacto
433 447 530 502 deceat
546 447 697 516 majoribus
715 448 765 514 uti,

128 523 218 591 Disce,
236 523 374 578 docendus
391 523 487 592 adhuc,
506 540 576 592 quae
594 524 688 577 censet
704 523 842 591 amiculus,
859 525 892 578 ut
909 523 933 576 si

129 599 234 652 Caecus
251 599 306 652 iter
321 602 475 652 monstrare
493 599 573 664 velit;
591 602 685 652 tamen
704 597 815 666 adspice
833 598 856 651 si
875 599 941 668 quid

129 672 167 729 Et
183 689 234 726 nos
251 671 326 740 quod
343 689 421 726 cures
438 674 578 742 proprium
595 673 691 726 fecisse
710 673 860 741 loquamur.
965 688 977 727 e

129 747 158 800 Si
176 750 205 801 te
222 751 302 815 grata
319 747 397 816 quies
415 751 444 802 et
460 749 576 816 primam
594 763 704 802 somnus
722 747 751 800 in
769 745 863 802 horam

129 822 263 890 Delectat,
283 823 306 876 si
323 828 353 876 te
370 823 460 892 pulvis
478 825 663 893 strepitusque
681 826 811 892 rotarum,

129 896 159 950 si
176 897 262 964 laedit
279 913 406 966 caupona,
427 897 605 952 Ferentinum
622 899 663 952 ire
678 897 796 966 jubebo;
834 957 842 972 ,

129 973 155 1024 N
157 989 201 1026 am
218 989 309 1043 neque
327 972 459 1036 divitibus
477 975 639 1042 contingunt
656 973 757 1042 gaudia
773 973 845 1042 solis,

129 1047 155 1100 N
157 1064 189 1101 cc
206 1048 275 1102 vixit
292 1048 363 1102 mule
381 1048 428 1118 qui
446 1053 527 1104 natus
545 1049 717 1117 moriensque
733 1047 837 1107 fefellit,
953 1061 976 1104 u

129 1121 159 1176 Si
175 1123 306 1192 prodesse
323 1124 379 1178 tuis
395 1124 532 1192 pauloque
549 1123 694 1191 benignius
712 1123 801 1192 ipsum

129 1197 168 1250 'le
185 1201 304 1252 tractare
321 1199 404 1268 veles,
422 1199 536 1258 accedes
555 1199 641 1252 siccus
659 1199 695 1252 ad
712 1201 830 1250 unctum.

129 1272 181 1326 “Si
198 1273 347 1340 pranderet
364 1273 423 1327 olus
440 1274 579 1344 patienter
596 1273 707 1342 regibus
725 1273 767 1326 uti

129 1347 155 1399 N
156 1347 223 1402 ollet
241 1349 421 1416 Aristippus?
458 1349 511 1402 “Si
528 1349 611 1404 sciret
628 1349 738 1416 regibus
755 1347 808 1421 uti

129 1421 279 1486 Fastidiret
296 1423 355 1477 olus
372 1424 419 1493 qui
436 1440 481 1478 me
498 1425 598 1480 notat.’'
636 1425 733 1478 Utrius
752 1423 849 1477 horum
952 1435 974 1476 ts

129 1496 223 1550 Verba
236 1497 339 1568 probes
356 1503 386 1554 et
402 1499 475 1553 iacta
492 1499 567 1564 dece,
585 1499 629 1553 vel
642 1498 737 1566 junior
753 1498 817 1552 audi

129 1573 186 1628 Gur
202 1573 239 1628 sit
257 1573 393 1643 Aristippi
410 1574 502 1643 potior
518 1574 667 1638 sententia3
684 1589 801 1640 namque

128 1647 287 1702 Mordacem
306 1649 434 1717 Cynicum
452 1649 489 1702 sic
507 1648 643 1717 eludebat,
660 1651 692 1702 ut
709 1648 799 1701 aiunt:

129 1724 274 1784 “Scurror,·
284 1740 335 1792 ego
352 1724 412 1792 ipse
429 1723 503 1792 milri,
521 1723 621 1792 populo
638 1728 685 1788 tu;
702 1722 803 1783 rectius
820 1721 871 1776 hoc
889 1725 919 1778 et

128 1798 304 1866 Splendidius
316 1799 401 1852 multo
413 1803 462 1853 est.
487 1799 581 1866 Equus
593 1802 625 1852 ut
636 1815 680 1852 me
688 1800 790 1867 portet,
802 1796 859 1851 alat
870 1813 928 1862 rex,
950 1815 974 1852 ee

128 1873 350 1928 Officium'facio:
368 1877 400 1927 tu
417 1874 506 1941 poscis
523 1873 588 1928 vilia
604 1890 705 1940 rerum,
797 1906 799 1910 -
858 1939 860 1943 ,

127 1949 219 2004 Dante
237 1949 325 2011 minor
344 1949 467 2018 quamvis
485 1949 542 2002 fers
557 1953 588 2002 te
606 1949 706 2018 nullius
723 1945 873 2016 egentem?

83 2025 88 2034 '
128 2025 223 2079 Omnis
241 2025 413 2094 Aristippum
432 2024 524 2078 decuit
542 2024 615 2078 color
633 2028 663 2078 et
682 2027 770 2078 status
788 2028 817 2077 et
834 2039 887 2091 res,

48 2153 49 2156 ,
127 2101 290 2154 'lontantcm
306 2100 417 2168 majora,
436 2100 494 2153 scre
511 2099 701 2168 praesentibus
718 2109 843 2167 acquum.

127 2175 230 2230 Contra
248 2192 329 2244 quem
347 2175 448 2244 duplici
465 2192 560 2244 panno,
571 2175 795 2244 patientia-velet
950 2187 975 2227 su

125 2250 249 2308 Mirabor
265 2251 338 2304 vitae
352 2251 400 2304 uia
417 2251 440 2304 si
458 2267 588 2304 conversa
605 2249 723 2304 decebit.

126 2326 209 2380 Alter
225 2342 391 2394 purpureum
409 2342 462 2378 non
481 2324 652 2392 exspectabit
668 2325 807 2390 amictum,

127 2400 268 2464 Quidlibet
284 2401 397 2454 indutus
414 2399 592 2465 eelebmima
609 2415 660 2466 per
676 2398 735 2450 loca
752 2397 842 2466 vadet,

126 2474 328 2544 Personamque
345 2475 417 2529 feret
432 2490 487 2530 non
504 2473 680 2527 inconcinnus
693 2476 860 2540 ,utramquffl

126 2551 209 2604 Alter
226 2550 316 2604 Mileti
333 2553 438 2604 textam
456 2566 522 2604 cane
538 2547 618 2618 pejus
635 2551 665 2603 et
682 2547 764 2614 angui
949 2565 973 2602 ee

125 2624 234 2680 Vitabit
250 2625 427 2694 chlamydem,
445 2625 579 2679 morietur
596 2624 698 2692 frigere
716 2624 740 2676 si
757 2639 811 2676 non

126 2699 278 2754 Rettuleris
294 2716 421 2769 pannum.
457 2700 542 2756 Refer
559 2703 589 2754 et
606 2699 664 2753 sine
681 2699 755 2753 vivat
772 2699 891 2767 ineptus.

126 2775 183 2830 Res
199 2791 296 2846 gerere
315 2778 345 2830 et
361 2779 454 2844 captos
472 2775 617 2832 ostendere
633 2775 738 2828 civibus
754 2774 847 2828 hostes

126 2851 249 2918 Attingit
267 2850 363 2904 solium
381 2851 400 2903 J
402 2851 459 2904 ovis
476 2854 506 2904 et
523 2850 655 2904 caelestia
671 2853 773 2904 tentat:

126 2923 299 2993 Principibus
316 2924 449 2995 placuisse
467 2924 533 2978 viris
550 2940 605 2978 non
622 2923 719 2976 ultima
736 2923 795 2976 laus
812 2925 862 2977 est.
950 2922 973 2961 ³⁵

125 3000 152 3058 N
154 3017 189 3056 on
207 3001 292 3053 cuivis
308 2999 411 3052 homini
428 2998 562 3066 contingit
580 2997 657 3050 adire
676 2997 844 3050 Corinthum.

82 3071 91 3124 ζ
125 3075 206 3130 Sedit
223 3075 271 3144 qui
288 3073 382 3128 timuit
398 3089 433 3126 ne
450 3089 505 3129 uon
523 3071 689 3124 succederet.
724 3070 804 3124 Esto!
876 3123 878 3128 s

126 3149 207 3214 Quid
218 3149 267 3220 qui
282 3147 415 3218 pervenit,
431 3147 531 3201 fecitne
548 3145 679 3198 viriliter?
716 3145 803 3218 Atqui

166 3224 197 3268 15
