2276 3448
169 161 216 209 164
442 155 596 204 HORATII
613 154 742 204 FLAGCI

167 238 240 303 Quid
251 237 374 292 studiosa
386 236 481 290 cohors
493 251 605 303 operum
617 233 717 288 struitl
748 233 811 289 Hoc
822 251 932 306 quoqne
944 253 1020 293 curo.

167 313 234 377 Quis
252 313 304 366 sibi
321 329 366 367 res
383 315 475 380 gestas
493 310 614 378 Augusti
631 309 750 365 scribere
767 312 866 366 sumiti

167 389 246 444 Bella
262 389 324 457 quis
340 391 369 443 et
385 403 468 456 paces
485 387 596 456 longum
614 386 743 441 diffundit
758 385 788 439 in
805 389 921 454 aeruml

168 463 242 527 Quid
259 463 348 518 'l'itius
365 463 488 516 Romana
504 462 582 516 brevi
597 465 729 516 venturus
745 461 774 514 in
792 465 856 516 orel

169 537 306 592 Pindarici
322 539 406 591 iontis
424 538 472 606 qui
488 554 543 591 non
561 537 693 604 expalluit
710 537 832 605 haustus,
998 554 1020 594 rr

169 612 307 680 dastidire
324 613 398 666 lacus
415 618 446 666 et
462 612 536 666 rivos
552 627 635 665 ausus
651 616 768 679 apertos.

135 721 140 732 ·
168 688 209 742 Ut
226 687 315 741 valeti
333 691 366 740 ut
382 687 507 740 meminit
523 687 626 740 nostrii
661 686 811 742 Fidibusne
828 688 931 743 hatini÷

168 761 312 816 Thebanos
331 765 427 829 aptare
443 761 539 816 modos
557 762 652 816 studet
669 763 777 830 auspice
795 763 884 832 Musa,

169 839 216 891 An
232 837 337 904 tragica
353 836 476 890 desaevit
493 839 523 890 et
539 837 704 905 ampullatur
720 838 750 890 in
767 840 844 892 artel

170 911 243 977 Quid
251 911 318 965 mihi
328 911 423 965 Celsus
434 912 507 978 agit?
524 912 644 965 monitus
651 912 823 981 multumque
833 914 986 968 monendus
996 930 1020 970 rs
1120 893 1121 920 ³

170 986 294 1040 Privatae
311 989 344 1042 ut
361 989 476 1054 quaeret
493 1003 567 1054 opes,
584 989 614 1040 et
630 990 745 1054 tangere
761 989 832 1041 vitet

170 1061 279 1129 Scripta
296 1061 436 1114 Palatinus
453 1077 630 1130 quaecunque
649 1061 755 1130 reecpit
772 1062 878 1131 Apollo,

170 1137 214 1190 h'e
232 1136 255 1188 si
272 1135 343 1189 forte
362 1151 424 1188 suas
441 1136 589 1202 repetitum
606 1137 712 1189 venerit
729 1136 793 1189 olim
875 1204 877 1209 Ι

171 1212 246 1263 Grex
263 1210 354 1264 arium
371 1210 478 1279 plumas
495 1213 605 1264 moreat
621 1210 756 1264 cornicula
772 1211 857 1265 risum

132 1345 134 1352 Α
171 1284 292 1338 Furtivis
308 1285 411 1338 nudata
428 1284 570 1338 coloribus,
605 1285 670 1352 Ipse
687 1284 755 1354 quid
772 1286 874 1340 audesl
994 1303 1019 1342 rc

171 1360 247 1421 Quae
264 1358 464 1412 circumvolitas
481 1359 560 1426 agilis
576 1358 686 1427 thymal
722 1359 748 1413 N
750 1377 785 1414 on
802 1361 853 1414 tibi
871 1379 985 1429 porrum

171 1431 323 1498 Ingenium,
340 1447 395 1484 non
412 1432 543 1486 incrdtum
561 1436 604 1486 est
621 1437 651 1487 et
667 1435 787 1504 turpiter
803 1435 912 1489 hirtum.

171 1507 226 1559 Seu
243 1505 363 1574 linguam
381 1507 468 1560 causis
485 1507 560 1561 eeuis
577 1523 626 1562 seu
644 1509 727 1563 civica
740 1510 806 1577 jura

171 1579 349 1648 Respondcre
366 1598 446 1650 puras
463 1598 512 1636 seu
529 1583 622 1636 condis
639 1585 755 1638 onrabile
771 1601 887 1650 cannen,
1003 1641 1006 1645 .

172 1656 264 1710 Prima
280 1657 352 1710 feres
370 1657 488 1711 hederae
504 1657 623 1712 victricis
640 1661 768 1728 proemia.
804 1661 906 1724 Quodsi
993 1678 1018 1718 εδ

172 1730 285 1798 Frigida
301 1748 427 1786 curarum
444 1733 565 1786 fomenta
581 1734 735 1802 relinquere
751 1751 845 1804 posses

172 1806 233 1870 Quo
250 1809 280 1859 to
297 1806 421 1860 caelestis
438 1808 571 1874 sapientie
588 1808 701 1862 duceret
718 1811 779 1864 ires.

172 1880 233 1934 Hoc
250 1896 325 1949 opus,
342 1881 393 1934 hoc
410 1882 531 1936 studium
548 1885 626 1951 parvi
643 1901 819 1952 properemus
837 1890 866 1941 et
883 1889 965 1957 mnpli

172 1954 201 2008 si
218 1955 323 2023 patriae
340 1955 471 2023 volumus,
489 1957 513 2009 si
529 1958 608 2011 nobis
624 1959 715 2012 virere
732 1961 795 2015 ceri.

171 2029 263 2082 Debes
278 2021 332 2086 Iloc
348 2030 432 2083 etiam
449 2032 607 2100 rescribere,
625 2034 648 2086 si
665 2034 721 2087 tibi·
734 2051 816 2090 curae
992 2055 1016 2094 a)

172 2104 296 2166 Quantae
313 2105 456 2158 conveniat
473 2106 613 2161 Munatius
621 2129 633 2178 3!
645 2126 681 2162 en
697 2110 768 2164 rnale
785 2114 859 2165 sarta

172 2179 268 2240 (iretis
285 2179 464 2246 nequicquam
481 2181 537 2234 coit
554 2185 585 2235 et
601 2184 771 2239 rescinditur.
807 2187 913 2240 Atros

172 2255 226 2307 Seu
244 2253 347 2306 calidus
365 2255 473 2322 sanguis
491 2271 540 2309 seu
556 2273 655 2311 rernm·
666 2261 772 2314 inscitia
788 2265 870 2314 vexet

172 2328 312 2382 Indomita
328 2329 432 2382 cervice
448 2331 528 2398 ieros,
546 2331 700 2402 ubieunque
717 2335 836 2388 locorum

130 2432 133 2438 =
171 2403 280 2468 vivitis,
298 2402 402 2471 indigni
419 2405 570 2460 fraternum
588 2425 715 2476 rumpere
731 2410 835 2478 foedus,
990 2427 1015 2467 ts

173 2478 296 2532 Pascitur
311 2478 341 2532 in
358 2483 479 2534 vestrum
496 2482 616 2536 reditum
634 2485 724 2538 votiva
736 2485 861 2553 juvenca

570 2626 621 2680 IV.

172 2703 253 2768 Aser,
270 2704 424 2756 nostrorum
442 2721 595 2759 sermonum
614 2709 728 2788 cpndide
741 2710 837 2778 judex,
920 2689 925 2700 ⁸

172 2777 244 2840 Quid
260 2783 332 2830 nunc
348 2781 377 2830 tc
396 2778 484 2832 dicam
501 2780 591 2834 iecere
608 2782 635 2834 in
653 2785 763 2850 regione
784 2785 913 2841 Pedanal

171 2851 296 2910 Scribere
313 2851 387 2920 quod
405 2850 481 2906 Cassi
499 2853 653 2909 Parmensis
670 2860 798 2926 opuscula
814 2861 912 2928 vhrcat,

173 2926 217 2975 An
234 2925 348 2978 taciturn
365 2926 446 2979 silvas
463 2927 536 2980 inter
552 2934 663 2997 reptare
681 2932 809 2999 salubres,

172 2997 320 3051 Ourontcm
337 2998 471 3069 quidquid
489 3002 601 3070 dignum
619 3007 742 3074 sapiente
758 3008 884 3078 bonoque
902 3014 963 3067 esti
1003 3028 1016 3068 o

171 3069 198 3121 N
200 3085 234 3122 on
250 3073 282 3123 tu
298 3087 396 3140 corpus
414 3093 475 3128 eras
493 3078 550 3130 sinc
567 3084 683 3147 pectore.
719 3081 755 3134 Di
772 3083 825 3136 tibi
842 3085 965 3154 formam,

112 3195 114 3202 ,
171 3140 209 3197 Di
226 3141 277 3196 tibi
294 3142 403 3199 divitius
421 3149 557 3203 dederunt
573 3158 715 3222 artemque
732 3156 848 3212 fruendi.
