2276 3448
139 183 184 230 rso
411 177 564 229 nostru
582 177 711 246 rancor

138 259 225 327 Terga
242 258 346 328 plector
363 259 442 312 enim.
477 257 530 322 Qui
547 261 580 311 tu
596 255 754 326 impunitior
771 257 818 310 illa
950 275 984 316 ros

138 334 214 398 Quae
231 349 314 402 parvo
332 334 401 386 sumi
417 335 558 400 nequeunt
574 332 685 385 obsonia
702 334 815 400 emptast

137 409 243 478 Nempe
261 409 458 462 inamarescunt
475 408 571 476 epulae
589 407 647 461 sine
663 407 718 460 fine
734 407 845 476 petitae.

138 484 270 551 Illusique
286 483 372 552 pedes
389 483 515 536 vitiosum
532 482 749 536 ferrereousant

138 559 249 626 Corpus
286 561 332 612 An
348 558 392 612 hic
408 562 508 625 peccat,
528 557 578 610 sub
595 560 702 612 noctem
720 557 766 624 qui
784 573 854 624 puer
871 573 951 610 usam

138 633 251 686 Furtiva
267 636 356 686 mutat
372 632 483 698 strigili:
501 632 549 700 qui
566 631 679 699 praedia
696 631 797 698 vendit,
951 649 983 687 uo

137 707 185 760 Nil
202 707 300 760 servile
316 707 509 774 gulae'parens
527 706 629 759 habeti
666 704 757 772 Adde,
775 705 849 774 quod
866 705 939 759 idem
1015 715 1029 736 ·
1103 699 1108 708 ’

137 782 164 834 N
165 799 199 834 on
216 782 310 834 horam
326 784 417 834 tecum
434 796 495 834 esse
511 784 597 848 potes,
615 795 669 832 non
687 780 743 833 otia
760 783 835 834 recte

138 855 250 924 Ponere,
267 859 351 926 teque
367 856 456 924 ipsum
474 855 552 920 vitus,
570 855 700 922 fugitivus
718 859 748 907 et
765 869 834 922 erro,

137 930 201 983 Jam
219 931 280 983 vino
298 946 439 998 quaerens,
455 929 514 996 jam
532 945 625 982 somno
642 929 736 982 follere
754 945 860 982 curam:

138 1003 332 1069 Frustra;nam
340 1020 430 1058 comes
437 1009 497 1056 atra
504 1004 604 1071 premit
611 1003 789 1071 sequiturque
796 1003 940 1070 fugacem.”
950 1019 983 1059 us

22 1065 25 1074 ’
137 1078 151 1104 “
160 1079 241 1132 Unde
253 1078 448 1151 mihilapidem
458 1078 531 1166 l{’—“
540 1077 675 1142 Quorsum
686 1081 729 1131 est
741 1093 809 1146 opus
817 1079 893 1132 l'’-“
901 1079 983 1134 Unde

205 1170 218 1206 s
255 1154 355 1208 ittasl''

136 1171 330 1282 “Autaffrsmt
347 1227 427 1281 homo
446 1231 493 1282 aut
510 1244 604 1282 versus
621 1228 708 1281 facit.''
737 1226 836 1280 “Ocius
854 1226 916 1280 lrinc
933 1231 964 1281 to

136 1301 174 1356 Ni
190 1301 272 1370 rapis,
289 1303 401 1358 accedes
419 1319 501 1371 opera
519 1319 585 1370 agro
602 1317 672 1355 nona
690 1301 811 1357 Sabino?

524 1435 609 1491 l'III.

136 1525 200 1580 “Ur
217 1524 359 1580 Nasidieni
373 1525 447 1594 juvit
464 1528 493 1580 te
512 1541 594 1579 coena
611 1525 705 1582 beatil

95 1639 97 1644 .
136 1599 208 1654 Nam
225 1601 293 1654 mihi
311 1601 453 1669 quaerenti
470 1601 609 1654 convivam
626 1601 716 1656 dictus
732 1602 799 1657 here
815 1603 871 1656 illio
906 1623 908 1628 ’

136 1675 180 1730 De
197 1676 287 1730 modio
304 1679 400 1745 potare
418 1676 484 1730 die.¹'
515 1675 584 1730 “Sic
601 1679 638 1730 ut
650 1676 717 1729 mihi
734 1693 871 1745 nunquam

137 1751 171 1804 In
188 1752 245 1805 vita
261 1752 345 1806 inierit
362 1750 480 1804 melius.''
510 1750 526 1778 “
533 1750 584 1818 Da,
603 1751 625 1803 si
642 1767 725 1819 grave
742 1769 796 1805 non
814 1757 862 1817 est,

137 1825 212 1890 Quae
229 1827 318 1895 prima
334 1826 434 1878 iratum
451 1828 576 1879 ventrem
592 1825 740 1893 placaverit
757 1827 840 1880 esoa.’'
971 1841 985 1882 t

137 1901 193 1952 “ln
210 1901 304 1968 primis
321 1900 444 1953 Lucanus
461 1916 544 1968 aper;
561 1900 617 1953 leui
634 1900 687 1954 fuit
706 1902 810 1954 Austro

137 1975 246 2042 Captus,
264 1977 296 2028 ut
313 1973 403 2028 aiebat
420 1991 519 2028 coenae
535 1979 631 2042 pater;
648 1975 721 2029 acria
737 1976 838 2029 ciromn

55 2101 61 2112 ,
137 2049 250 2116 Rapula,
268 2048 396 2116 lactucae,
414 2049 527 2116 radices,
545 2049 635 2116 qualia
653 2049 753 2103 lassum
840 2097 846 2104 .

138 2123 296 2177 Pervellunt
313 2123 488 2190 stomachum,
506 2125 580 2192 siser,
597 2124 673 2192 allcc,
689 2125 795 2179 faecula
813 2126 875 2181 (loa.

137 2197 191 2251 His
207 2197 254 2250 ubi
273 2195 386 2251 sublatis
403 2215 472 2266 puer
490 2198 546 2252 alte
562 2199 665 2253 cinctus
682 2215 806 2253 acernam
963 2214 985 2252 ra

137 2273 263 2341 Gausapa
278 2289 415 2342 purpureo
432 2289 552 2326 mensam
569 2275 707 2343 pertersit,
724 2279 754 2328 et
770 2276 841 2329 alter

137 2347 262 2416 sublegit
279 2348 459 2416 quodcunque
472 2340 580 2416 jaceret
596 2348 692 2402 inutile
710 2350 838 2418 quodque

138 2423 235 2477 Posset
252 2426 396 2477 coenantes
414 2423 565 2487 offendere3
582 2426 615 2476 ut
633 2424 729 2476 Attica
745 2425 821 2491 virgo

138 2499 206 2551 Cum
224 2499 307 2551 sacris
325 2498 433 2553 Cereris
450 2497 575 2566 procedit
592 2497 684 2551 fuscus
702 2499 845 2566 Hydaspes

138 2573 261 2626 Caecuba
278 2573 341 2626 vina
357 2573 454 2639 ferens,
473 2573 560 2626 Alcon
578 2573 676 2626 (thium
693 2574 776 2625 maris
792 2587 897 2640 expers
962 2585 985 2624 1⁵

138 2647 192 2700 Hie
209 2647 305 2700 herus:
324 2647 470 2712 Albanum,
488 2647 639 2713 Maecenas,
658 2647 715 2700 sive
733 2647 879 2702 Falernum

137 2720 176 2774 Te
192 2722 278 2788 magis
295 2721 426 2788 appositis
444 2720 717 2788 deleotat,.habemus
733 2721 903 2789 utrumque.’'

137 2795 275 2848 “Divitias
292 2795 420 2848 miseras!
458 2793 514 2848 Sed
532 2796 593 2862 quis
612 2796 789 2849 coenantibus
806 2812 869 2862 rina,

138 2867 271 2935 Fundani,
288 2869 399 2936 pulchre
416 2869 500 2922 luerit
517 2869 577 2935 tibi,
595 2886 673 2922 nosse
690 2870 804 2924 laboro.’'
887 2909 891 2917 ·

139 2942 287 2995 “Summus
299 2959 349 3009 ego
360 2948 390 2996 et
400 2959 485 3012 prope
496 2959 540 2996 mo
553 2944 651 2997 Viscus
663 2945 798 2998 Thurinus
810 2949 840 3000 et
852 2946 923 3000 inim
958 2961 981 3000 ro

138 3015 168 3068 Si
185 3016 294 3068 memini
312 3016 426 3084 Varius;
443 3033 511 3078 oum.
523 3018 636 3071 Servilio
654 3019 801 3074 Balatrone

138 3088 273 3157 Vibidius,
291 3106 357 3157 quas
375 3092 518 3145 Maecenas
536 3093 688 3146 adduxerat
705 3095 823 3148 irnrbrus.

139 3161 323 3229 lloruentanus
330 3169 400 3241 erat
418 3180 498 3232 super
515 3165 613 3233 ipsum,
633 3166 744 3219 Porcius
761 3169 832 3223 inira
