2288 3444
158 175 192 220 68
412 175 568 226 nouem
584 173 714 223 FLI001

276 253 438 324 Importuuc
454 257 549 308 temen
566 252 710 322 pauperies
727 251 812 318 obest,

277 329 336 386 Neo
353 329 377 384 si
392 329 472 397 pluro
483 327 569 382 'veiim
587 331 620 380 tu
636 327 703 380 dure
721 327 847 396 deneges.

278 404 425 458 Contrecto
442 403 539 456 meiius
556 418 639 472 parva
656 400 784 470 cupidine

315 478 467 545 Vectigalia
483 477 628 545 porrigam,
968 496 992 535 40

279 554 367 618 Quam
385 553 408 606 si
426 551 580 620 Mygdoniis
596 567 711 620 reguum
730 552 852 620 Alyattei

283 628 393 696 campis
409 627 571 682 continuem.
606 627 696 681 Multa
712 627 871 695 petentibus

285 703 392 757 Desunt
408 701 507 756 muita:
525 701 596 755 bene
612 705 656 755 est
673 702 717 755 cni
735 700 805 756 deus
822 701 923 755 obtulit

317 777 402 832 Parce
418 776 493 845 quod
510 776 576 830 satie
593 779 637 831 cet
653 791 742 830 manu

521 917 617 974 xvu.
652 899 656 910 '

283 1005 359 1062 Auni
376 1003 485 1056 vetusto
501 989 653 1055 nobiliu‘cb
671 1001 763 1067 Lamo,

283 1077 408 1146 (Quando
425 1079 455 1130 et
471 1075 574 1144 priores
591 1075 655 1130 binc
672 1077 779 1130 Inmiae
796 1075 889 1130 ferunt

295 1155 300 1162 '
318 1151 512 1205 Denominatoe
528 1152 559 1203 et
576 1153 705 1218 nepotum
741 1202 743 1206 ,

354 1225 408 1279 Per
425 1241 558 1278 memores
575 1241 662 1294 genus
678 1243 759 1280 omne
775 1227 869 1293 fastos,

286 1303 408 1356 Auctore
424 1299 461 1352 ab
478 1299 525 1352 illo
542 1299 619 1353 ducis
637 1301 768 1369 originem
984 1315 998 1354 ε

286 1374 340 1440 Qui
359 1373 528 1427 Formiarum
545 1374 651 1428 moenia
668 1376 768 1430 dicitur

321 1449 450 1517 Princeps
467 1451 496 1502 et
512 1449 652 1503 iuuentem
669 1449 788 1507 Maricae

355 1522 505 1578 littoribus
523 1524 644 1578 tenuisse
662 1524 747 1579 Lirim

287 1599 357 1655 Lete
373 1599 512 1667 tyrannus)
530 1615 590 1652 ores
607 1598 678 1652 foliis
694 1617 790 1656 nemus

287 1673 385 1730 Multis
401 1677 431 1728 ct
448 1673 510 1742 elge
526 1673 591 1727 lituu
608 1674 699 1728 inutili

322 1749 448 1803 Demieea
463 1751 612 1815 tempestus
629 1747 664 1800 ab
683 1749 756 1802 Euro

356 1822 473 1886 Sternet,
490 1836 577 1889 eqrme
594 1823 646 1875 nisi
663 1821 733 1876 fallit
750 1839 836 1892 augur

290 1897 401 1952 Annon
417 1895 517 1948 cornix.
552 1895 626 1949 Dum
643 1897 715 1965 potis
732 1899 839 1952 aridum
928 1911 932 1916 “

288 1972 426 2038 Oompone
442 1967 558 2036 liguum:
576 1987 636 2024 crae
654 1971 771 2026 Genium
788 1989 863 2028 mero

322 2043 438 2099 curabis
455 2047 484 2098 et
500 2059 581 2112 porco
598 2044 723 2100 bimestri
975 2064 999 2105 ιε

357 2117 427 2172 (ium
443 2117 551 2172 famulis
569 2135 682 2188 operum
700 2121 802 2176 solutis.

518 2260 632 2316 XVIII.
668 2307 670 2310 .

289 2345 396 2412 Fctum,
414 2341 602 2414 Nympharum
618 2344 771 2412 fugientum
789 2354 901 2418 ornator,

289 2420 343 2474 Per
359 2435 434 2473 mooe
451 2419 519 2473 fines
536 2421 566 2472 et
582 2419 674 2486 aprica
690 2435 755 2473 rura

228 2535 237 2552 .
288 2493 371 2548 Lenis
388 2493 498 2546 incedas
515 2493 652 2563 abeasque
669 2494 760 2563 parvis

323 2569 438 2634 Aequus
455 2566 578 2634 alumnis,

287 2641 318 2696 Si
335 2639 511 2706 tencr'pleno
528 2641 603 2695 cedit
619 2641 723 2696 haedus
740 2659 817 2712 enno,
984 2657 999 2700 ι

288 2716 378 2780 Largo
394 2727 447 2765 nec
464 2713 565 2767 desunt
582 2714 698 2769 VenerIs
717 2717 802 2769 ecda-li
870 2777 873 2780 ,

288 2789 361 2840 Vina
377 2788 506 2840 craterae.
540 2787 629 2840 Vetus
646 2805 694 2841 erc
710 2790 796 2842 multo

324 2861 425 2913 Fumat
441 2859 532 2927 odore,

288 2933 372 2986 Ludit
389 2931 504 2986 herboso
521 2949 603 3001 pecus
620 2950 699 2988 omne
715 2953 817 3006 campo,

288 3006 358 3057 (ium
374 3005 427 3058 tibi
444 3005 539 3058 Nonne
555 3007 674 3060 redeunt
691 3009 871 3076 Decembres3
974 3025 998 3069 ιι

289 3077 388 3128 Festus
405 3078 433 3128 in
450 3079 538 3143 pratis
554 3083 634 3132 vacat
650 3079 736 3134 otioso

322 3148 392 3202 Cum
408 3147 478 3200 bove
494 3166 594 3218 pegne;
