2276 3448
396 156 610 206 SATIRARUM
627 159 664 206 II.
684 160 705 208 3.
849 203 853 214 ,
926 159 973 207 139

124 231 163 289 Ni
181 232 220 287 sic
236 233 366 289 fecissent
383 234 569 302 gladiatorum
587 237 653 291 dare
671 240 778 292 centum
945 260 971 300 ⁸5

123 307 254 362 Damnati
272 310 372 378 populo
388 310 465 379 paria
482 315 566 380 atque
583 313 693 380 epulum
710 313 823 367 arbitrio
842 315 915 382 Arri,

123 381 267 437 Frumenti
285 389 415 452 quantum
434 386 515 440 metit
533 387 635 441 Africa
670 388 733 442 Sive
751 405 802 455 ego
819 405 903 455 prave
961 422 964 426 -

122 458 179 511 Seu
196 461 272 512 recte
289 459 341 513 hoe
358 459 438 528 volui,
455 478 491 514 ue
508 461 546 514 sis
562 466 676 530 patruus
693 464 767 516 mihi.
802 463 891 517 Credo

38 591 44 602 ¹
122 532 185 585 Hoc
204 532 313 588 Staberi
330 535 494 603 prudentem
511 537 631 590 animum
648 537 755 592 vidisse.
792 538 865 602 Quid
883 556 948 607 crgo

122 607 215 661 Sensit
232 624 293 662 cum
310 626 444 664 summam
461 611 607 679 patrimoni
624 612 778 680 insculpere
797 629 862 666 saxo
946 629 970 669 cs

122 681 251 735 Heredes
268 683 373 738 voluitl
410 685 506 748 Quoad
523 687 592 740 vixit
610 686 727 740 credidit
743 687 841 753 ingens

123 755 286 824 Paupericm
303 758 399 812 vitium
417 764 446 813 et
463 760 534 814 cavit
551 761 618 814 nihil
635 761 730 828 acrius,
747 765 780 815 ut
798 761 821 814 si

123 829 206 884 Forte
223 833 312 886 minus
329 833 448 902 locuples
465 852 518 890 uno
536 837 687 904 quadrante
705 837 822 905 perisset

122 903 186 970 lpse
204 907 345 961 rideretur
363 909 414 962 sibi
432 910 559 978 nequior:
577 911 664 964 omnis
680 911 752 966 euim
769 927 822 977 res,

121 979 226 1048 Virtus,
243 982 323 1051 fama,
340 984 430 1052 decus,
450 985 542 1038 divina
558 985 730 1054 humanaque
747 985 866 1054 pulchris
946 1001 971 1042 aa

121 1055 231 1110 Divitiis
247 1062 359 1126 parent;
377 1076 446 1128 quas
464 1060 510 1128 qui
529 1062 711 1124 construxerit
728 1061 775 1115 illo

121 1130 218 1185 Clarus
238 1133 298 1200 erit,
310 1133 397 1199 fortis,
411 1133 511 1202 justus.
546 1135 712 1203 Sapiensnel
748 1136 846 1202 Etiam,
868 1141 896 1194 ct
910 1153 968 1203 rex,

120 1205 158 1258 ut
175 1205 310 1274 quidquid
327 1208 407 1262 volet.
442 1209 504 1263 Hoc
521 1210 605 1264 veluti
623 1211 727 1266 virtute
745 1215 869 1278 paratum

120 1279 246 1348 Speravit
262 1299 376 1350 maguae
392 1283 467 1338 laudi
484 1284 550 1340 fore.
586 1285 674 1349 ‘Quid
691 1285 778 1338 similo
795 1286 841 1348 isti

120 1356 241 1410 Graecus
259 1356 437 1426 Aristippus-l
455 1359 502 1427 qui
520 1376 611 1413 servos
628 1359 762 1428 projicere
779 1376 874 1414 auruzn
937 1376 967 1414 in

120 1431 154 1482 ln
173 1431 264 1485 media
277 1431 362 1499 jussit
380 1433 554 1502 Libya-qnia
570 1435 677 1488 tardius
693 1435 766 1488 irent

120 1505 237 1574 Propter
255 1523 322 1560 onus
339 1524 442 1575 segnes.
477 1510 549 1564 Uter
566 1513 609 1564 est
626 1510 744 1563 insanior
761 1511 856 1562 horum
867 1510 884 1563 l'

118 1580 166 1632 Nil
183 1581 242 1648 agit
260 1583 423 1651 exemplum,
440 1583 518 1638 litem
535 1585 609 1653 quod
626 1585 675 1638 lite
692 1585 810 1638 resolvit.

118 1655 148 1708 Si
166 1657 227 1724 quis
245 1661 319 1710 emat
337 1658 462 1726 citharas,
480 1663 586 1728 emptas
603 1662 754 1727 comportet
771 1659 800 1712 in
817 1675 908 1728 uuum,

117 1731 144 1783 N
146 1747 178 1784 ec
196 1731 286 1786 studio
305 1733 425 1787 citharae
443 1751 493 1788 nec
510 1735 606 1788 Musae
624 1735 734 1788 deditus
751 1734 817 1799 ulli;
933 1750 966 1792 1⁰⁵

117 1806 147 1859 Si
166 1806 272 1875 scalpra
288 1811 318 1862 et
334 1808 435 1862 formas
452 1826 505 1862 uon
524 1814 607 1878 sutor,
624 1810 733 1864 nautica
750 1809 811 1863 vola

118 1883 241 1935 Aversus
258 1884 434 1938 mercaturis:
453 1884 556 1938 delirus
574 1889 603 1938 et
620 1901 713 1939 amens
830 1945 832 1952 Α

117 1957 248 2026 Undique
266 1957 373 2013 dicatur
389 1959 494 2013 merito.
531 1960 583 2024 Qui
601 1959 738 2028 discrepat
754 1960 816 2014 istis

117 2032 171 2094 Qui
189 2049 314 2087 nummos
331 2050 481 2104 aurumque
498 2034 629 2103 recondit,
647 2035 753 2090 nescius
770 2034 811 2088 uti

116 2107 288 2176 Compositis,
306 2112 484 2179 metuensque
501 2110 577 2164 velut
593 2111 748 2179 contingere
766 2113 892 2166 sucruml
931 2125 964 2166 uo

116 2181 147 2235 Si
165 2183 226 2251 quis
243 2184 280 2238 ad
296 2183 435 2252 ingentem
452 2185 582 2240 frumenti
600 2203 706 2256 semper
723 2204 849 2241 acerrimi

116 2257 263 2312 Porrectus
279 2259 375 2327 vigilet
391 2276 453 2314 cum
469 2261 549 2329 longo
566 2262 646 2330 iuste,
663 2279 753 2331 neque
771 2264 845 2316 illinc

116 2333 230 2386 Audeat
247 2335 367 2388 esuriens
385 2335 510 2389 dominus
528 2338 685 2404 contingere
703 2353 825 2403 granum,

116 2408 160 2460 Ac
177 2408 267 2476 potius
284 2409 355 2462 soliis
371 2426 469 2479 parcus
486 2413 611 2463 vescatur
627 2412 742 2475 amaris3

116 2482 146 2535 Si
163 2483 259 2550 positis
275 2483 351 2538 intus
369 2485 429 2538 Chii
446 2484 600 2552 veterisque
618 2485 728 2538 Falerni
930 2501 961 2538 ua

74 2567 77 2573 '
115 2556 193 2610 Mille
211 2558 387 2612 cadisssnihil
405 2563 456 2627 est,
471 2562 625 2614 tercentum
642 2559 858 2614 millibus-acre

116 2630 413 2702 Potetacetum3age,
431 2635 454 2688 si
472 2638 502 2690 et
519 2635 677 2690 stramentis
693 2636 813 2704 incubet,
830 2635 915 2688 urule-

115 2705 261 2774 Octoginta
278 2725 361 2762 annos
378 2713 466 2778 uatus,
484 2710 528 2764 cui
546 2711 667 2778 stragula
683 2711 774 2775 restis,

114 2780 269 2835 Blattarum
280 2786 318 2837 'ac
335 2784 468 2838 tinearum
486 2786 589 2856 epulae,
607 2789 746 2855 putrescat
763 2788 791 2839 in
810 2804 883 2840 arca:

113 2853 139 2907 N
142 2855 379 2914 imiruminsanus
395 2862 488 2927 paucis
504 2862 638 2929 videatur,
656 2878 689 2916 eo
707 2862 781 2930 quod
927 2877 960 2914 rso

112 2928 235 2984 blasima
252 2947 316 3000 pars
333 2934 471 2987 hominum
488 2937 583 2990 morbo
597 2936 719 3004 jactatur
736 2936 841 2990 eodem.

111 3003 199 3058 Filius
216 3011 264 3062 aut
281 3009 365 3062 etiarn
382 3009 449 3062 hacc
466 3010 581 3064 libertus
598 3016 630 3066 ut
647 3012 740 3066 ebibat
757 3011 844 3077 heres,

110 3081 163 3134 Dis
181 3081 290 3136 inimice
308 3099 399 3151 senex,
416 3082 555 3138 custodis?
591 3085 616 3136 N
619 3101 634 3136 e
652 3086 703 3138 tibi
721 3087 813 3140 desitl

110 3155 281 3276 Quaptulum
299 3157 372 3210 eninr
390 3171 510 3209 summae
528 3157 647 3209 curtabit
664 3159 778 3225 quisquc
796 3161 910 3222 dicrum,

194 3233 209 3278 2
323 3247 327 3260 ι
