<?xml version="1.0" encoding="UTF-8"?>
<!DOCTYPE html PUBLIC "-//W3C//DTD XHTML 1.0 Transitional//EN"
    "http://www.w3.org/TR/xhtml1/DTD/xhtml1-transitional.dtd">
<html xmlns="http://www.w3.org/1999/xhtml" xml:lang="en" lang="en">
 <head>
  <title>
</title>
<meta http-equiv="Content-Type" content="text/html;charset=utf-8" />
  <meta name='ocr-system' content='tesseract 3.04.00' />
  <meta name='ocr-capabilities' content='ocr_page ocr_carea ocr_par ocr_line ocrx_word'/>
</head>
<body>
  <div class='ocr_page' id='page_1' title='image "./operaomniaexrec00horagoog_0100.png"; bbox 0 0 2288 3444; ppageno 0'>
   <div class='ocr_carea' id='block_1_1' title="bbox 425 158 1003 213">
    <p class='ocr_par' dir='ltr' id='par_1_1' title="bbox 425 158 1003 213">
     <span class='ocr_line' id='line_1_1' title="bbox 425 158 1003 213; baseline 0 -2"><span class='ocrx_word' id='word_1_1' title='bbox 425 160 629 212; x_wconf 80' lang='lat' dir='ltr'>GARMINUM</span> <span class='ocrx_word' id='word_1_2' title='bbox 646 161 696 213; x_wconf 86' lang='lat' dir='ltr'>IV.</span> <span class='ocrx_word' id='word_1_3' title='bbox 712 161 736 213; x_wconf 77' lang='grc' dir='ltr'>Β.</span> <span class='ocrx_word' id='word_1_4' title='bbox 971 158 1003 211; x_wconf 86' lang='grc'>77</span> 
     </span>
    </p>
   </div>
   <div class='ocr_carea' id='block_1_2' title="bbox 152 235 1003 1269">
    <p class='ocr_par' dir='ltr' id='par_1_2' title="bbox 152 235 1003 371">
     <span class='ocr_line' id='line_1_2' title="bbox 152 235 1003 310; baseline 0.005 -18"><span class='ocrx_word' id='word_1_5' title='bbox 152 273 173 283; x_wconf 72' lang='lat'>-·</span> <span class='ocrx_word' id='word_1_6' title='bbox 190 235 251 304; x_wconf 84' lang='lat' dir='ltr'>Quo</span> <span class='ocrx_word' id='word_1_7' title='bbox 266 242 329 308; x_wconf 88' lang='lat' dir='ltr'>plus</span> <span class='ocrx_word' id='word_1_8' title='bbox 346 239 455 304; x_wconf 78' lang='lat' dir='ltr'>Aeneas</span> <span class='ocrx_word' id='word_1_9' title='bbox 472 257 527 310; x_wconf 88' lang='lat' dir='ltr'>qno</span> <span class='ocrx_word' id='word_1_10' title='bbox 543 240 621 296; x_wconf 84' lang='lat' dir='ltr'>dives</span> <span class='ocrx_word' id='word_1_11' title='bbox 638 241 777 298; x_wconf 82' lang='grc'><strong>’1111111111</strong></span> <span class='ocrx_word' id='word_1_12' title='bbox 794 243 889 297; x_wconf 83' lang='lat' dir='ltr'>Ancus</span> <span class='ocrx_word' id='word_1_13' title='bbox 979 250 1003 296; x_wconf 80' lang='grc'>11</span> 
     </span>
     <span class='ocr_line' id='line_1_3' title="bbox 224 312 595 371; baseline 0.005 -3"><span class='ocrx_word' id='word_1_14' title='bbox 224 312 317 368; x_wconf 85' lang='lat' dir='ltr'>Pulvis</span> <span class='ocrx_word' id='word_1_15' title='bbox 333 317 364 369; x_wconf 91' lang='lat' dir='ltr'>et</span> <span class='ocrx_word' id='word_1_16' title='bbox 379 313 477 368; x_wconf 89' lang='lat' dir='ltr'>umbra</span> <span class='ocrx_word' id='word_1_17' title='bbox 494 332 595 371; x_wconf 87' lang='lat' dir='ltr'>sumus.</span> 
     </span>
    </p>

    <p class='ocr_par' dir='ltr' id='par_1_3' title="bbox 190 387 961 533">
     <span class='ocr_line' id='line_1_4' title="bbox 190 387 961 458; baseline 0.005 -16"><span class='ocrx_word' id='word_1_18' title='bbox 190 387 326 454; x_wconf 83' lang='lat' dir='ltr'>Quisscit</span> <span class='ocrx_word' id='word_1_19' title='bbox 342 406 377 443; x_wconf 91' lang='lat' dir='ltr'>an</span> <span class='ocrx_word' id='word_1_20' title='bbox 394 389 524 458; x_wconf 84' lang='lat' dir='ltr'>adjiciant</span> <span class='ocrx_word' id='word_1_21' title='bbox 541 390 688 446; x_wconf 80' lang='lat' dir='ltr'><strong>hodiernae</strong></span> <span class='ocrx_word' id='word_1_22' title='bbox 705 391 824 446; x_wconf 88' lang='lat' dir='ltr'>crastina</span> <span class='ocrx_word' id='word_1_23' title='bbox 841 409 961 446; x_wconf 86' lang='lat' dir='ltr'>summac</span> 
     </span>
     <span class='ocr_line' id='line_1_5' title="bbox 223 463 528 533; baseline 0.01 -17"><span class='ocrx_word' id='word_1_24' title='bbox 223 463 356 533; x_wconf 77' lang='lat' dir='ltr'><strong>Tempora</strong></span> <span class='ocrx_word' id='word_1_25' title='bbox 373 464 402 518; x_wconf 89' lang='lat' dir='ltr'>di</span> <span class='ocrx_word' id='word_1_26' title='bbox 420 465 528 533; x_wconf 83' lang='lat' dir='ltr'>superii</span> 
     </span>
    </p>

    <p class='ocr_par' dir='ltr' id='par_1_4' title="bbox 189 537 870 609">
     <span class='ocr_line' id='line_1_6' title="bbox 189 537 870 609; baseline 0.006 -17"><span class='ocrx_word' id='word_1_27' title='bbox 189 537 295 592; x_wconf 83' lang='lat' dir='ltr'>Cuncta</span> <span class='ocrx_word' id='word_1_28' title='bbox 311 555 408 594; x_wconf 89' lang='lat' dir='ltr'>manus</span> <span class='ocrx_word' id='word_1_29' title='bbox 425 539 519 594; x_wconf 84' lang='lat' dir='ltr'>avidas</span> <span class='ocrx_word' id='word_1_30' title='bbox 535 540 642 609; x_wconf 80' lang='lat' dir='ltr'>fugient</span> <span class='ocrx_word' id='word_1_31' title='bbox 658 540 768 596; x_wconf 87' lang='lat' dir='ltr'>heredis</span> <span class='ocrx_word' id='word_1_32' title='bbox 784 541 870 596; x_wconf 88' lang='lat' dir='ltr'>amico</span> 
     </span>
    </p>

    <p class='ocr_par' dir='ltr' id='par_1_5' title="bbox 152 612 1001 678">
     <span class='ocr_line' id='line_1_7' title="bbox 152 612 1001 678; baseline 0.005 -11"><span class='ocrx_word' id='word_1_33' title='bbox 152 655 156 667; x_wconf 77' lang='grc'><strong><em>,</em></strong></span> <span class='ocrx_word' id='word_1_34' title='bbox 224 612 299 678; x_wconf 80' lang='lat' dir='ltr'>Quae</span> <span class='ocrx_word' id='word_1_35' title='bbox 317 614 427 668; x_wconf 86' lang='lat' dir='ltr'>dederis</span> <span class='ocrx_word' id='word_1_36' title='bbox 445 615 542 670; x_wconf 89' lang='lat' dir='ltr'>animo.</span> <span class='ocrx_word' id='word_1_37' title='bbox 977 632 1001 671; x_wconf 78' lang='lat' dir='ltr'>ao</span> 
     </span>
    </p>

    <p class='ocr_par' dir='ltr' id='par_1_6' title="bbox 189 665 927 833">
     <span class='ocr_line' id='line_1_8' title="bbox 189 665 927 759; baseline 0.005 -18"><span class='ocrx_word' id='word_1_38' title='bbox 189 687 259 742; x_wconf 83' lang='lat' dir='ltr'>Cum</span> <span class='ocrx_word' id='word_1_39' title='bbox 276 689 371 745; x_wconf 87' lang='lat' dir='ltr'>semel.</span> <span class='ocrx_word' id='word_1_40' title='bbox 377 689 507 744; x_wconf 87' lang='lat' dir='ltr'>occideris</span> <span class='ocrx_word' id='word_1_41' title='bbox 524 693 554 746; x_wconf 91' lang='grc'>11</span> <span class='ocrx_word' id='word_1_42' title='bbox 571 691 606 744; x_wconf 85' lang='grc'>(11</span> <span class='ocrx_word' id='word_1_43' title='bbox 623 693 653 746; x_wconf 89' lang='lat' dir='ltr'>te</span> <span class='ocrx_word' id='word_1_44' title='bbox 670 689 814 759; x_wconf 83' lang='lat' dir='ltr'>splendida</span> <span class='ocrx_word' id='word_1_45' title='bbox 831 665 927 746; x_wconf 81' lang='lat' dir='ltr'>Minos</span> 
     </span>
     <span class='ocr_line' id='line_1_9' title="bbox 223 763 471 833; baseline 0.008 -16"><span class='ocrx_word' id='word_1_46' title='bbox 223 763 333 822; x_wconf 78' lang='lat' dir='ltr'>Eecerit</span> <span class='ocrx_word' id='word_1_47' title='bbox 349 764 471 833; x_wconf 83' lang='lat' dir='ltr'>arbitria,</span> 
     </span>
    </p>

    <p class='ocr_par' dir='ltr' id='par_1_7' title="bbox 188 837 921 984">
     <span class='ocr_line' id='line_1_10' title="bbox 188 837 921 909; baseline 0.007 -18"><span class='ocrx_word' id='word_1_48' title='bbox 188 837 258 907; x_wconf 86' lang='lat' dir='ltr'>Non,</span> <span class='ocrx_word' id='word_1_49' title='bbox 276 839 421 909; x_wconf 73' lang='lat' dir='ltr'>Torquate,</span> <span class='ocrx_word' id='word_1_50' title='bbox 438 857 533 908; x_wconf 87' lang='lat' dir='ltr'>genus,</span> <span class='ocrx_word' id='word_1_51' title='bbox 550 857 605 894; x_wconf 90' lang='lat' dir='ltr'>non</span> <span class='ocrx_word' id='word_1_52' title='bbox 621 844 651 895; x_wconf 90' lang='lat' dir='ltr'>te</span> <span class='ocrx_word' id='word_1_53' title='bbox 668 841 802 908; x_wconf 83' lang='lat' dir='ltr'>facundia,</span> <span class='ocrx_word' id='word_1_54' title='bbox 820 857 874 895; x_wconf 90' lang='lat' dir='ltr'>non</span> <span class='ocrx_word' id='word_1_55' title='bbox 890 843 921 896; x_wconf 88' lang='lat' dir='ltr'>te</span> 
     </span>
     <span class='ocr_line' id='line_1_11' title="bbox 223 913 484 984; baseline 0.015 -18"><span class='ocrx_word' id='word_1_56' title='bbox 223 913 364 970; x_wconf 87' lang='lat' dir='ltr'>Restituet</span> <span class='ocrx_word' id='word_1_57' title='bbox 380 916 484 984; x_wconf 87' lang='lat' dir='ltr'>pietas;</span> 
     </span>
    </p>

    <p class='ocr_par' dir='ltr' id='par_1_8' title="bbox 190 988 1001 1134">
     <span class='ocr_line' id='line_1_12' title="bbox 190 988 1001 1060; baseline 0.001 -19"><span class='ocrx_word' id='word_1_58' title='bbox 190 988 308 1043; x_wconf 86' lang='grc'><strong>1111111111</strong></span> <span class='ocrx_word' id='word_1_59' title='bbox 325 991 505 1059; x_wconf 87' lang='lat' dir='ltr'>nequeenim</span> <span class='ocrx_word' id='word_1_60' title='bbox 522 989 643 1044; x_wconf 89' lang='lat' dir='ltr'>tenebris</span> <span class='ocrx_word' id='word_1_61' title='bbox 661 990 749 1044; x_wconf 87' lang='lat' dir='ltr'>Diana</span> <span class='ocrx_word' id='word_1_62' title='bbox 765 990 894 1060; x_wconf 89' lang='lat' dir='ltr'>pudicum</span> <span class='ocrx_word' id='word_1_63' title='bbox 978 1004 1001 1042; x_wconf 81' lang='grc'>11</span> 
     </span>
     <span class='ocr_line' id='line_1_13' title="bbox 222 1064 541 1134; baseline 0 -17"><span class='ocrx_word' id='word_1_64' title='bbox 222 1064 334 1119; x_wconf 77' lang='lat' dir='ltr'>Liberat</span> <span class='ocrx_word' id='word_1_65' title='bbox 352 1066 541 1134; x_wconf 85' lang='lat' dir='ltr'>Hippolytum,</span> 
     </span>
    </p>

    <p class='ocr_par' dir='ltr' id='par_1_9' title="bbox 190 1139 872 1269">
     <span class='ocr_line' id='line_1_14' title="bbox 190 1139 872 1209; baseline 0 -15"><span class='ocrx_word' id='word_1_66' title='bbox 190 1140 247 1194; x_wconf 81' lang='lat' dir='ltr'>Nec</span> <span class='ocrx_word' id='word_1_67' title='bbox 264 1139 385 1194; x_wconf 86' lang='lat' dir='ltr'>Lethaea</span> <span class='ocrx_word' id='word_1_68' title='bbox 400 1141 474 1194; x_wconf 86' lang='lat' dir='ltr'>valet</span> <span class='ocrx_word' id='word_1_69' title='bbox 491 1139 612 1194; x_wconf 77' lang='lat' dir='ltr'>Theseus</span> <span class='ocrx_word' id='word_1_70' title='bbox 629 1139 792 1209; x_wconf 87' lang='lat' dir='ltr'>abrumpere</span> <span class='ocrx_word' id='word_1_71' title='bbox 809 1155 872 1194; x_wconf 87' lang='lat' dir='ltr'>caro</span> 
     </span>
     <span class='ocr_line' id='line_1_15' title="bbox 221 1213 499 1269; baseline 0.007 -2"><span class='ocrx_word' id='word_1_72' title='bbox 221 1213 337 1268; x_wconf 83' lang='lat' dir='ltr'>Vincula</span> <span class='ocrx_word' id='word_1_73' title='bbox 355 1215 499 1269; x_wconf 91' lang='lat' dir='ltr'>Peirithoo.</span> 
     </span>
    </p>
   </div>
   <div class='ocr_carea' id='block_1_3' title="bbox 157 1435 1001 3077">
    <p class='ocr_par' dir='ltr' id='par_1_10' title="bbox 157 1435 821 1507">
     <span class='ocr_line' id='line_1_16' title="bbox 157 1435 821 1507; baseline 0.003 -16"><span class='ocrx_word' id='word_1_74' title='bbox 157 1465 167 1502; x_wconf 63' lang='grc' dir='ltr'><em>ς</em></span> <span class='ocrx_word' id='word_1_75' title='bbox 220 1435 363 1492; x_wconf 75' lang='grc'><strong>1111111111</strong></span> <span class='ocrx_word' id='word_1_76' title='bbox 381 1439 491 1506; x_wconf 89' lang='lat' dir='ltr'>pateras</span> <span class='ocrx_word' id='word_1_77' title='bbox 507 1441 641 1507; x_wconf 82' lang='lat' dir='ltr'>grataque</span> <span class='ocrx_word' id='word_1_78' title='bbox 657 1439 821 1507; x_wconf 88' lang='lat' dir='ltr'>commodus,</span> 
     </span>
    </p>

    <p class='ocr_par' dir='ltr' id='par_1_11' title="bbox 221 1511 885 1586">
     <span class='ocr_line' id='line_1_17' title="bbox 221 1511 885 1586; baseline 0.003 -20"><span class='ocrx_word' id='word_1_79' title='bbox 221 1511 375 1580; x_wconf 79' lang='lat' dir='ltr'>Censorino,</span> <span class='ocrx_word' id='word_1_80' title='bbox 391 1513 460 1566; x_wconf 87' lang='lat' dir='ltr'>meis</span> <span class='ocrx_word' id='word_1_81' title='bbox 475 1529 540 1567; x_wconf 89' lang='lat' dir='ltr'>aera</span> <span class='ocrx_word' id='word_1_82' title='bbox 557 1513 701 1580; x_wconf 78' lang='lat' dir='ltr'>sodalibus,</span> <span class='ocrx_word' id='word_1_83' title='bbox 879 1575 885 1586; x_wconf 34' lang='lat'>¹</span> 
     </span>
    </p>

    <p class='ocr_par' dir='ltr' id='par_1_12' title="bbox 213 1586 771 1656">
     <span class='ocr_line' id='line_1_18' title="bbox 213 1586 771 1656; baseline 0.002 -16"><span class='ocrx_word' id='word_1_84' title='bbox 213 1586 358 1640; x_wconf 82' lang='lat' dir='ltr'>Donarem</span> <span class='ocrx_word' id='word_1_85' title='bbox 375 1587 505 1656; x_wconf 88' lang='lat' dir='ltr'>tripodas,</span> <span class='ocrx_word' id='word_1_86' title='bbox 522 1587 643 1656; x_wconf 88' lang='lat' dir='ltr'>praemia</span> <span class='ocrx_word' id='word_1_87' title='bbox 658 1587 771 1642; x_wconf 82' lang='lat' dir='ltr'>fortium</span> 
     </span>
    </p>

    <p class='ocr_par' dir='ltr' id='par_1_13' title="bbox 221 1661 821 1732">
     <span class='ocr_line' id='line_1_19' title="bbox 221 1661 821 1732; baseline 0.003 -16"><span class='ocrx_word' id='word_1_88' title='bbox 221 1661 372 1729; x_wconf 87' lang='lat' dir='ltr'>Graiorum,</span> <span class='ocrx_word' id='word_1_89' title='bbox 389 1679 479 1732; x_wconf 90' lang='lat' dir='ltr'>neque</span> <span class='ocrx_word' id='word_1_90' title='bbox 495 1666 529 1717; x_wconf 90' lang='lat' dir='ltr'>tu</span> <span class='ocrx_word' id='word_1_91' title='bbox 545 1663 662 1730; x_wconf 87' lang='lat' dir='ltr'>pessima</span> <span class='ocrx_word' id='word_1_92' title='bbox 679 1679 821 1724; x_wconf 86' lang='lat' dir='ltr'>muncrum</span> 
     </span>
    </p>

    <p class='ocr_par' dir='ltr' id='par_1_14' title="bbox 170 1737 1001 1882">
     <span class='ocr_line' id='line_1_20' title="bbox 222 1737 1001 1810; baseline 0.001 -19"><span class='ocrx_word' id='word_1_93' title='bbox 222 1737 328 1805; x_wconf 84' lang='lat' dir='ltr'>Ferrea,</span> <span class='ocrx_word' id='word_1_94' title='bbox 346 1737 431 1792; x_wconf 85' lang='lat' dir='ltr'>divite</span> <span class='ocrx_word' id='word_1_95' title='bbox 448 1754 493 1792; x_wconf 91' lang='lat' dir='ltr'>me</span> <span class='ocrx_word' id='word_1_96' title='bbox 510 1737 613 1792; x_wconf 86' lang='lat' dir='ltr'>scilieet</span> <span class='ocrx_word' id='word_1_97' title='bbox 629 1737 731 1792; x_wconf 89' lang='lat' dir='ltr'>artium</span> <span class='ocrx_word' id='word_1_98' title='bbox 792 1783 806 1810; x_wconf 71' lang='lat'>,</span> <span class='ocrx_word' id='word_1_99' title='bbox 859 1753 872 1776; x_wconf 89' lang='lat'><strong>·</strong></span> <span class='ocrx_word' id='word_1_100' title='bbox 987 1752 1001 1792; x_wconf 76' lang='grc' dir='ltr'>ε</span> 
     </span>
     <span class='ocr_line' id='line_1_21' title="bbox 170 1811 861 1882; baseline 0.001 -16"><span class='ocrx_word' id='word_1_101' title='bbox 170 1845 173 1852; x_wconf 88' lang='lat'>·</span> <span class='ocrx_word' id='word_1_102' title='bbox 221 1812 295 1876; x_wconf 84' lang='lat' dir='ltr'>Quas</span> <span class='ocrx_word' id='word_1_103' title='bbox 311 1815 361 1866; x_wconf 88' lang='lat' dir='ltr'>aut</span> <span class='ocrx_word' id='word_1_104' title='bbox 378 1811 539 1866; x_wconf 86' lang='lat' dir='ltr'>Parrhasius</span> <span class='ocrx_word' id='word_1_105' title='bbox 555 1813 671 1882; x_wconf 90' lang='lat' dir='ltr'>protulit</span> <span class='ocrx_word' id='word_1_106' title='bbox 687 1815 736 1868; x_wconf 89' lang='lat' dir='ltr'>aut</span> <span class='ocrx_word' id='word_1_107' title='bbox 754 1813 861 1882; x_wconf 84' lang='lat' dir='ltr'>Scopas,</span> 
     </span>
    </p>

    <p class='ocr_par' dir='ltr' id='par_1_15' title="bbox 221 1887 711 1957">
     <span class='ocr_line' id='line_1_22' title="bbox 221 1887 711 1957; baseline 0.002 -16"><span class='ocrx_word' id='word_1_108' title='bbox 221 1887 276 1941; x_wconf 91' lang='lat' dir='ltr'>Hic</span> <span class='ocrx_word' id='word_1_109' title='bbox 293 1903 366 1955; x_wconf 84' lang='lat' dir='ltr'>saxo,</span> <span class='ocrx_word' id='word_1_110' title='bbox 383 1887 495 1957; x_wconf 90' lang='lat' dir='ltr'>liquidis</span> <span class='ocrx_word' id='word_1_111' title='bbox 512 1887 559 1942; x_wconf 89' lang='lat' dir='ltr'>illo</span> <span class='ocrx_word' id='word_1_112' title='bbox 576 1887 711 1942; x_wconf 88' lang='lat' dir='ltr'>coloribus</span> 
     </span>
    </p>

    <p class='ocr_par' dir='ltr' id='par_1_16' title="bbox 220 1963 887 2032">
     <span class='ocr_line' id='line_1_23' title="bbox 220 1963 887 2032; baseline 0.003 -16"><span class='ocrx_word' id='word_1_113' title='bbox 220 1963 320 2017; x_wconf 86' lang='lat' dir='ltr'>Sollers</span> <span class='ocrx_word' id='word_1_114' title='bbox 337 1979 409 2016; x_wconf 88' lang='lat' dir='ltr'>nunc</span> <span class='ocrx_word' id='word_1_115' title='bbox 427 1963 564 2016; x_wconf 85' lang='lat' dir='ltr'>bominem</span> <span class='ocrx_word' id='word_1_116' title='bbox 580 1979 690 2032; x_wconf 90' lang='lat' dir='ltr'>ponere,</span> <span class='ocrx_word' id='word_1_117' title='bbox 707 1980 779 2018; x_wconf 91' lang='lat' dir='ltr'>nunc</span> <span class='ocrx_word' id='word_1_118' title='bbox 797 1963 887 2018; x_wconf 90' lang='lat' dir='ltr'>deum.</span> 
     </span>
    </p>

    <p class='ocr_par' dir='ltr' id='par_1_17' title="bbox 220 2037 900 2107">
     <span class='ocr_line' id='line_1_24' title="bbox 220 2037 900 2107; baseline 0 -15"><span class='ocrx_word' id='word_1_119' title='bbox 220 2038 276 2092; x_wconf 83' lang='lat' dir='ltr'>Sed</span> <span class='ocrx_word' id='word_1_120' title='bbox 292 2055 346 2092; x_wconf 92' lang='lat' dir='ltr'>non</span> <span class='ocrx_word' id='word_1_121' title='bbox 362 2039 429 2092; x_wconf 86' lang='lat' dir='ltr'>haec</span> <span class='ocrx_word' id='word_1_122' title='bbox 440 2038 507 2092; x_wconf 93' lang='lat' dir='ltr'>mibi</span> <span class='ocrx_word' id='word_1_123' title='bbox 523 2039 572 2107; x_wconf 87' lang='lat' dir='ltr'>vis,</span> <span class='ocrx_word' id='word_1_124' title='bbox 588 2056 643 2092; x_wconf 91' lang='lat' dir='ltr'>non</span> <span class='ocrx_word' id='word_1_125' title='bbox 660 2039 712 2094; x_wconf 91' lang='lat' dir='ltr'>tibi</span> <span class='ocrx_word' id='word_1_126' title='bbox 730 2039 826 2093; x_wconf 88' lang='lat' dir='ltr'>talium</span> <span class='ocrx_word' id='word_1_127' title='bbox 895 2037 900 2044; x_wconf 87' lang='lat'>&#39;</span> 
     </span>
    </p>

    <p class='ocr_par' dir='ltr' id='par_1_18' title="bbox 220 2113 999 2183">
     <span class='ocr_line' id='line_1_25' title="bbox 220 2113 999 2183; baseline -0.001 -16"><span class='ocrx_word' id='word_1_128' title='bbox 220 2113 277 2167; x_wconf 88' lang='lat' dir='ltr'>Res</span> <span class='ocrx_word' id='word_1_129' title='bbox 294 2117 337 2167; x_wconf 96' lang='grc'>111</span> <span class='ocrx_word' id='word_1_130' title='bbox 353 2116 402 2168; x_wconf 89' lang='lat' dir='ltr'>aut</span> <span class='ocrx_word' id='word_1_131' title='bbox 419 2113 525 2167; x_wconf 89' lang='lat' dir='ltr'>animus</span> <span class='ocrx_word' id='word_1_132' title='bbox 542 2113 700 2168; x_wconf 86' lang='lat' dir='ltr'>deliciarum</span> <span class='ocrx_word' id='word_1_133' title='bbox 717 2129 999 2183; x_wconf 81' lang='lat' dir='ltr'>egenam</span> 
     </span>
    </p>

    <p class='ocr_par' dir='ltr' id='par_1_19' title="bbox 220 2188 827 2278">
     <span class='ocr_line' id='line_1_26' title="bbox 220 2188 827 2278; baseline 0.002 -36"><span class='ocrx_word' id='word_1_134' title='bbox 220 2189 330 2243; x_wconf 87' lang='lat' dir='ltr'>Gaudes</span> <span class='ocrx_word' id='word_1_135' title='bbox 347 2188 526 2255; x_wconf 85' lang='lat' dir='ltr'>carminibus,</span> <span class='ocrx_word' id='word_1_136' title='bbox 545 2189 666 2243; x_wconf 79' lang='grc'><strong>1111111111</strong></span> <span class='ocrx_word' id='word_1_137' title='bbox 682 2205 827 2278; x_wconf 83' lang='lat' dir='ltr'>possumus</span> 
     </span>
    </p>

    <p class='ocr_par' dir='ltr' id='par_1_20' title="bbox 219 2263 762 2333">
     <span class='ocr_line' id='line_1_27' title="bbox 219 2263 762 2333; baseline 0 -16"><span class='ocrx_word' id='word_1_138' title='bbox 219 2264 330 2318; x_wconf 86' lang='lat' dir='ltr'>Donare</span> <span class='ocrx_word' id='word_1_139' title='bbox 347 2267 376 2317; x_wconf 91' lang='grc'>11</span> <span class='ocrx_word' id='word_1_140' title='bbox 392 2265 513 2333; x_wconf 89' lang='lat' dir='ltr'>pretium</span> <span class='ocrx_word' id='word_1_141' title='bbox 530 2263 621 2318; x_wconf 88' lang='lat' dir='ltr'>dicere</span> <span class='ocrx_word' id='word_1_142' title='bbox 638 2265 762 2320; x_wconf 88' lang='lat' dir='ltr'>muneri</span> 
     </span>
    </p>

    <p class='ocr_par' dir='ltr' id='par_1_21' title="bbox 220 2339 767 2407">
     <span class='ocr_line' id='line_1_28' title="bbox 220 2339 767 2407; baseline 0 -15"><span class='ocrx_word' id='word_1_143' title='bbox 220 2339 284 2392; x_wconf 89' lang='lat' dir='ltr'>Non</span> <span class='ocrx_word' id='word_1_144' title='bbox 300 2339 386 2392; x_wconf 91' lang='lat' dir='ltr'>incisa</span> <span class='ocrx_word' id='word_1_145' title='bbox 402 2339 475 2392; x_wconf 87' lang='lat' dir='ltr'>notis</span> <span class='ocrx_word' id='word_1_146' title='bbox 492 2354 628 2393; x_wconf 91' lang='lat' dir='ltr'>marmora</span> <span class='ocrx_word' id='word_1_147' title='bbox 644 2339 767 2407; x_wconf 84' lang='lat' dir='ltr'>publicis,</span> 
     </span>
    </p>

    <p class='ocr_par' dir='ltr' id='par_1_22' title="bbox 220 2413 800 2482">
     <span class='ocr_line' id='line_1_29' title="bbox 220 2413 800 2482; baseline -0.002 -16"><span class='ocrx_word' id='word_1_148' title='bbox 220 2414 274 2467; x_wconf 88' lang='lat' dir='ltr'>Per</span> <span class='ocrx_word' id='word_1_149' title='bbox 291 2430 361 2482; x_wconf 88' lang='lat' dir='ltr'>quac</span> <span class='ocrx_word' id='word_1_150' title='bbox 379 2414 492 2482; x_wconf 89' lang='lat' dir='ltr'>spiritus</span> <span class='ocrx_word' id='word_1_151' title='bbox 509 2417 539 2469; x_wconf 92' lang='grc'>11</span> <span class='ocrx_word' id='word_1_152' title='bbox 556 2414 613 2468; x_wconf 85' lang='lat' dir='ltr'>vita</span> <span class='ocrx_word' id='word_1_153' title='bbox 629 2414 704 2466; x_wconf 88' lang='lat' dir='ltr'>redit</span> <span class='ocrx_word' id='word_1_154' title='bbox 721 2413 800 2466; x_wconf 90' lang='lat' dir='ltr'>bonis</span> 
     </span>
    </p>

    <p class='ocr_par' dir='ltr' id='par_1_23' title="bbox 220 2487 1000 2556">
     <span class='ocr_line' id='line_1_30' title="bbox 220 2487 1000 2556; baseline 0 -15"><span class='ocrx_word' id='word_1_155' title='bbox 220 2489 287 2542; x_wconf 91' lang='lat' dir='ltr'>Post</span> <span class='ocrx_word' id='word_1_156' title='bbox 275 2492 375 2542; x_wconf 87' lang='lat' dir='ltr'>tmort</span> <span class='ocrx_word' id='word_1_157' title='bbox 376 2505 419 2542; x_wconf 91' lang='lat' dir='ltr'>em</span> <span class='ocrx_word' id='word_1_158' title='bbox 438 2489 559 2556; x_wconf 88' lang='lat' dir='ltr'>ducibus,</span> <span class='ocrx_word' id='word_1_159' title='bbox 577 2504 631 2541; x_wconf 90' lang='lat' dir='ltr'>non</span> <span class='ocrx_word' id='word_1_160' title='bbox 649 2487 751 2542; x_wconf 81' lang='lat' dir='ltr'>celeres</span> <span class='ocrx_word' id='word_1_161' title='bbox 766 2488 847 2556; x_wconf 83' lang='lat' dir='ltr'>fugae</span> <span class='ocrx_word' id='word_1_162' title='bbox 979 2501 1000 2542; x_wconf 84' lang='grc'>11</span> 
     </span>
    </p>

    <p class='ocr_par' dir='ltr' id='par_1_24' title="bbox 220 2562 866 2632">
     <span class='ocr_line' id='line_1_31' title="bbox 220 2562 866 2632; baseline 0.003 -16"><span class='ocrx_word' id='word_1_163' title='bbox 220 2563 405 2632; x_wconf 80' lang='lat' dir='ltr'>ltcjcctacque</span> <span class='ocrx_word' id='word_1_164' title='bbox 420 2568 572 2618; x_wconf 82' lang='lat' dir='ltr'>retrorsum</span> <span class='ocrx_word' id='word_1_165' title='bbox 591 2562 753 2616; x_wconf 87' lang='lat' dir='ltr'>Hannibalis</span> <span class='ocrx_word' id='word_1_166' title='bbox 770 2563 866 2632; x_wconf 85' lang='lat' dir='ltr'>minoe,</span> 
     </span>
    </p>

    <p class='ocr_par' dir='ltr' id='par_1_25' title="bbox 218 2637 747 2707">
     <span class='ocr_line' id='line_1_32' title="bbox 218 2637 747 2707; baseline 0 -15"><span class='ocrx_word' id='word_1_167' title='bbox 218 2638 282 2692; x_wconf 87' lang='lat' dir='ltr'>Non</span> <span class='ocrx_word' id='word_1_168' title='bbox 299 2639 424 2693; x_wconf 90' lang='lat' dir='ltr'>incendia</span> <span class='ocrx_word' id='word_1_169' title='bbox 443 2638 648 2707; x_wconf 75' lang='lat' dir='ltr'>Karthaginis</span> <span class='ocrx_word' id='word_1_170' title='bbox 639 2637 747 2706; x_wconf 79' lang='lat' dir='ltr'>impiae,</span> 
     </span>
    </p>

    <p class='ocr_par' dir='ltr' id='par_1_26' title="bbox 218 2712 760 2782">
     <span class='ocr_line' id='line_1_33' title="bbox 218 2712 760 2782; baseline -0.002 -15"><span class='ocrx_word' id='word_1_171' title='bbox 218 2713 287 2781; x_wconf 78' lang='lat' dir='ltr'>Ejus</span> <span class='ocrx_word' id='word_1_172' title='bbox 304 2713 352 2782; x_wconf 91' lang='lat' dir='ltr'>qui</span> <span class='ocrx_word' id='word_1_173' title='bbox 368 2713 474 2768; x_wconf 88' lang='lat' dir='ltr'>domita</span> <span class='ocrx_word' id='word_1_174' title='bbox 490 2729 589 2768; x_wconf 90' lang='lat' dir='ltr'>nomen</span> <span class='ocrx_word' id='word_1_175' title='bbox 609 2712 645 2768; x_wconf 87' lang='lat' dir='ltr'>ab</span> <span class='ocrx_word' id='word_1_176' title='bbox 663 2712 760 2767; x_wconf 81' lang='lat' dir='ltr'>Africa</span> 
     </span>
    </p>

    <p class='ocr_par' dir='ltr' id='par_1_27' title="bbox 217 2788 714 2844">
     <span class='ocr_line' id='line_1_34' title="bbox 217 2788 714 2844; baseline 0.002 -2"><span class='ocrx_word' id='word_1_177' title='bbox 217 2789 354 2844; x_wconf 81' lang='lat' dir='ltr'>Lucratus</span> <span class='ocrx_word' id='word_1_178' title='bbox 370 2789 456 2843; x_wconf 88' lang='lat' dir='ltr'>rediit</span> <span class='ocrx_word' id='word_1_179' title='bbox 473 2788 573 2843; x_wconf 83' lang='lat' dir='ltr'>clarius</span> <span class='ocrx_word' id='word_1_180' title='bbox 589 2788 714 2843; x_wconf 87' lang='lat' dir='ltr'>indicant</span> 
     </span>
    </p>

    <p class='ocr_par' dir='ltr' id='par_1_28' title="bbox 163 2863 999 3077">
     <span class='ocr_line' id='line_1_35' title="bbox 219 2863 999 2933; baseline -0.008 -15"><span class='ocrx_word' id='word_1_181' title='bbox 219 2863 337 2932; x_wconf 85' lang='lat' dir='ltr'>Laudes,</span> <span class='ocrx_word' id='word_1_182' title='bbox 355 2863 587 2933; x_wconf 69' lang='lat' dir='ltr'>quamcalabrae</span> <span class='ocrx_word' id='word_1_183' title='bbox 606 2863 742 2918; x_wconf 87' lang='lat' dir='ltr'>Pierides:</span> <span class='ocrx_word' id='word_1_184' title='bbox 760 2878 849 2930; x_wconf 88' lang='lat' dir='ltr'>neque</span> <span class='ocrx_word' id='word_1_185' title='bbox 975 2873 999 2912; x_wconf 82' lang='lat' dir='ltr'>ao</span> 
     </span>
     <span class='ocr_line' id='line_1_36' title="bbox 163 2934 904 3008; baseline -0.012 -13"><span class='ocrx_word' id='word_1_186' title='bbox 163 2995 168 3002; x_wconf 84' lang='grc'><strong>,</strong></span> <span class='ocrx_word' id='word_1_187' title='bbox 217 2940 247 2995; x_wconf 80' lang='lat' dir='ltr'>si</span> <span class='ocrx_word' id='word_1_188' title='bbox 265 2939 377 2994; x_wconf 87' lang='lat' dir='ltr'>chartae</span> <span class='ocrx_word' id='word_1_189' title='bbox 390 2939 488 2994; x_wconf 83' lang='lat' dir='ltr'>sileant</span> <span class='ocrx_word' id='word_1_190' title='bbox 505 2939 581 3008; x_wconf 90' lang='lat' dir='ltr'>quod</span> <span class='ocrx_word' id='word_1_191' title='bbox 596 2939 668 2992; x_wconf 89' lang='lat' dir='ltr'>bene</span> <span class='ocrx_word' id='word_1_192' title='bbox 685 2937 782 2990; x_wconf 80' lang='lat' dir='ltr'>feceris</span> <span class='ocrx_word' id='word_1_193' title='bbox 900 2934 904 2940; x_wconf 88' lang='lat'>&#39;</span> 
     </span>
     <span class='ocr_line' id='line_1_37' title="bbox 217 2957 782 3077; baseline -0.012 -8"><span class='ocrx_word' id='word_1_194' title='bbox 217 3014 376 3070; x_wconf 86' lang='lat' dir='ltr'>Mercedem</span> <span class='ocrx_word' id='word_1_195' title='bbox 392 3013 497 3068; x_wconf 89' lang='lat' dir='ltr'>tuleris.</span> <span class='ocrx_word' id='word_1_196' title='bbox 505 2957 606 3077; x_wconf 73' lang='lat' dir='ltr'>qurid</span> <span class='ocrx_word' id='word_1_197' title='bbox 623 3011 696 3064; x_wconf 86' lang='lat' dir='ltr'>foret</span> <span class='ocrx_word' id='word_1_198' title='bbox 714 3009 782 3062; x_wconf 89' lang='lat' dir='ltr'>Iliae</span> 
     </span>
    </p>
   </div>
   <div class='ocr_carea' id='block_1_4' title="bbox 217 3083 728 3240">
    <p class='ocr_par' dir='ltr' id='par_1_29' title="bbox 217 3083 728 3219">
     <span class='ocr_line' id='line_1_38' title="bbox 217 3083 725 3174; baseline -0.022 -30"><span class='ocrx_word' id='word_1_199' title='bbox 217 3089 406 3157; x_wconf 83' lang='lat' dir='ltr'>Mavortisque</span> <span class='ocrx_word' id='word_1_200' title='bbox 424 3087 492 3174; x_wconf 83' lang='lat' dir='ltr'>puer</span> <span class='ocrx_word' id='word_1_201' title='bbox 510 3087 533 3139; x_wconf 88' lang='lat' dir='ltr'>si</span> <span class='ocrx_word' id='word_1_202' title='bbox 550 3083 725 3139; x_wconf 87' lang='lat' dir='ltr'>taciturnitas</span> 
     </span>
     <span class='ocr_line' id='line_1_39' title="bbox 218 3155 728 3240; baseline -0.022 -21"><span class='ocrx_word' id='word_1_203' title='bbox 218 3163 351 3240; x_wconf 82' lang='lat' dir='ltr'>Obstaret</span> <span class='ocrx_word' id='word_1_204' title='bbox 367 3162 450 3218; x_wconf 86' lang='lat' dir='ltr'>merit</span> <span class='ocrx_word' id='word_1_205' title='bbox 450 3160 475 3212; x_wconf 91' lang='lat' dir='ltr'>is</span> <span class='ocrx_word' id='word_1_206' title='bbox 438 3159 585 3214; x_wconf 86' lang='lat' dir='ltr'>tinvida</span> <span class='ocrx_word' id='word_1_207' title='bbox 602 3155 728 3210; x_wconf 84' lang='lat' dir='ltr'>Romulil</span> 
     </span>
    </p>
   </div>
   <div class='ocr_carea' id='block_1_5' title="bbox 0 0 1148 3444">
    <p class='ocr_par' dir='ltr' id='par_1_30' title="bbox 0 0 1148 3444">
     <span class='ocr_line' id='line_1_40' title="bbox 0 0 1148 3444; baseline 0 0"><span class='ocrx_word' id='word_1_208' title='bbox 0 0 1148 3444; x_wconf 95' lang='lat' dir='ltr'> </span> 
     </span>
    </p>
   </div>
  </div>
 </body>
</html>
