2288 3444
346 150 490 205 EPODON
507 153 623 214 LIBER,
644 155 680 213 15,
702 155 738 202 16.
938 147 970 192 99

223 226 359 306 Inceptos,
376 233 441 288 olim
458 233 620 302 promissum
638 249 754 302 carmen,
770 231 874 286 iambos

257 311 305 365 Ad
321 311 477 364 umbilicum
495 308 639 363 adducere.
803 347 806 354 .

222 385 284 440 Non
301 385 382 440 aliter
399 385 489 440 Samio
507 383 601 438 dicunt
619 384 717 438 arsisse
735 383 861 451 Bathyllo

258 461 432 514 Anacreonta
450 459 554 526 Teium,
944 473 965 512 lo

222 536 276 602 Qui
293 551 425 604 persaepe
442 551 507 588 cava
523 533 664 589 testudine
681 534 758 588 flevit
776 549 895 588 amorem

256 611 283 665 N
284 627 319 664 on
336 610 502 665 elaboratum
519 610 556 664 ad
571 608 681 677 pedem.-

222 685 317 740 Ureris
333 686 392 754 ipso
408 685 506 742 miser:
523 684 620 754 quodsi
636 700 691 737 non
708 683 843 752 pulchrior
859 682 929 750 iguis

257 761 391 814 Accendit
408 760 544 814 obsessam
562 759 639 825 Ilion,

222 835 319 890 Gaude
336 840 409 890 sorte
426 839 490 900 tua3
507 852 552 890 me
569 833 695 888 libertina
711 849 799 902 neque
816 849 870 886 uuo
930 847 964 888 tt

257 911 393 964 Contenta
410 910 518 978 Phryne
535 912 661 964 macerat.

513 1048 575 1103 XV.

185 1127 187 1130 ’
223 1132 286 1186 Nox
303 1135 363 1186 erat
380 1134 410 1185 et
426 1130 500 1184 caelo
517 1129 640 1197 fulgebat
656 1129 721 1183 luna
738 1144 832 1185 sereno

259 1209 336 1261 Inter
352 1207 456 1259 minora
473 1205 571 1273 sidera,

223 1283 292 1337 Cum
308 1287 341 1336 tu
357 1295 517 1349 magnorum
534 1296 634 1334 numen
651 1281 757 1334 laesura
773 1279 886 1334 deorum

258 1358 292 1410 In
309 1357 392 1411 verba
404 1355 518 1427 jurabas
535 1371 603 1422 mea,

223 1432 319 1486 Artius
329 1435 413 1501 atque
423 1431 526 1484 hedera
536 1445 648 1498 procera
659 1429 838 1497 adstringitur
848 1429 911 1496 ilex,
948 1443 963 1491 a

257 1507 351 1562 Lentis
368 1505 518 1560 adhaerens
534 1503 666 1558 brachiis:

222 1581 295 1634 llum
312 1581 402 1649 pecori
418 1581 498 1650 lupus
515 1582 545 1633 et
560 1579 651 1632 nautis
667 1578 781 1632 infestus
799 1578 882 1632 Orion

257 1656 390 1727 Turbaret
406 1655 548 1708 hibernum
566 1669 649 1718 mare,
750 1716 751 1727 χ

223 1730 401 1798 Intonsosque
419 1730 536 1798 agitaret
554 1727 688 1796 Apollinis
705 1743 771 1782 aura
788 1727 904 1796 capillos,

256 1806 326 1858 Foro
343 1805 414 1858 huno
431 1820 550 1858 amorem
568 1805 700 1856 mutuum.
940 1818 961 1856 ro

222 1879 246 1932 Ο
264 1879 382 1932 dolitura
398 1895 460 1932 meo
476 1878 592 1931 multum
609 1877 711 1932 virtute
729 1878 849 1931 Neaera!

255 1954 281 2006 N
283 1971 326 2008 am
344 1954 367 2006 si
384 1953 451 2022 quid
467 1953 496 2006 iu
515 1953 610 2006 Flacco
627 1953 678 2005 viri
696 1957 746 2020 est,

220 2028 283 2082 Non
299 2029 371 2082 feret
388 2028 510 2082 assiduas
527 2028 625 2096 potiori
642 2031 671 2080 te
689 2028 755 2082 darc
772 2032 873 2096 noctes,

256 2105 292 2158 Et
309 2107 423 2171 quaeret
439 2104 525 2156 iratus
541 2117 642 2170 parem,

220 2177 279 2232 Nec
296 2178 379 2233 semel
397 2177 512 2231 offensae
529 2177 610 2231 cedet
626 2178 777 2232 constantia
793 2179 903 2245 tonnae,
939 2193 962 2234 15
1037 2215 1044 2228 .

255 2253 284 2306 Si
301 2256 392 2306 certus
408 2253 517 2306 intrarit
534 2251 617 2304 dolor.

221 2326 258 2380 Et
274 2331 313 2394 tu,
332 2329 485 2395 quicunque
503 2343 533 2380 es
549 2327 652 2380 felicior
669 2329 751 2394 atque
768 2341 829 2379 meo
845 2342 916 2380 nunc

256 2403 394 2470 Superbus
411 2402 513 2456 incedis
530 2401 608 2466 malo,

221 2475 264 2530 Sis
280 2493 378 2544 pecore
396 2480 426 2530 et
442 2477 528 2530 multa
546 2475 621 2527 dives
638 2473 736 2528 tellure
754 2471 848 2528 licebit
953 2533 955 2536 ,

256 2551 370 2620 Tibique
388 2551 515 2605 Pactolus
532 2551 605 2614 fluat
704 2565 706 2569 ⁴
938 2566 962 2606 ro

221 2625 247 2678 N
249 2643 280 2679 eo
296 2630 325 2679 te
344 2623 512 2695 Pythagorae
530 2625 625 2678 fallant
643 2639 739 2677 arcana
756 2625 852 2693 renati,

256 2701 407 2770 Formaque
424 2703 515 2754 vincas
532 2701 624 2766 Nirea,

223 2775 301 2829 Ehou
319 2777 464 2830 translatos
481 2777 534 2830 alio
551 2773 685 2828 maerebis
703 2789 825 2830 amores:

256 2852 312 2905 Ast
328 2867 379 2919 ego
397 2851 514 2905 vicissim
531 2851 624 2903 risoro.

501 2990 580 3042 XVI.

191 3077 307 3128 Atrum
319 3073 379 3142 jam
396 3071 495 3127 teritur
511 3069 590 3122 bellis
608 3066 729 3119 civilibus
746 3070 828 3134 aetas,

224 3148 288 3204 Suis
305 3152 334 3202 et
350 3147 410 3215 ipsa
428 3146 516 3198 Roma
532 3141 635 3196 viribus
651 3140 723 3196 ruit:
