2276 3448
137 189 182 237 15⁸
248 183 399 234 HORATII
416 183 546 232 FLACOI
562 182 779 233 SATIRARUM
795 183 834 233 11.
853 187 877 234 8.

136 266 192 320 Vix
208 267 324 335 poterat.
357 253 470 317 Balatro
489 263 658 330 suspendens
675 263 768 316 omnia
784 279 858 331 naso,

137 341 229 395 ‘Haec
246 343 288 394 est
305 339 424 394 conditio
439 335 564 405 vivendi?
582 331 683 404 aiebat,
702 339 805 405 ‘eoque
960 351 986 393 cs

28 431 31 438 ’
138 415 311 484 Responsura
327 418 375 468 tuo
392 429 530 482 nunquam
547 416 590 466 est
607 429 657 480 par
674 412 746 466 sama
763 411 858 465 labori.

138 491 211 543 Tene
228 493 261 543 nt
277 505 327 556 ego
344 488 460 556 accipiar
477 487 551 541 laute
567 487 723 556 torquerier
739 488 813 541 omni

139 563 325 618 Sollicitudine
343 563 506 630 districtum,
522 577 558 615 nc
575 562 654 630 panis
671 561 794 628 adustus,

139 639 166 692 N
167 653 184 693 e
200 639 271 693 male
287 637 427 693 conditum
439 637 487 706 jus
503 640 662 705 apponatur,
680 639 713 690 ut
730 652 824 691 omnes

141 714 292 768 Praecincti
309 717 383 767 recte
399 712 477 780 pueri
494 711 649 779 comptique
666 711 839 766 ministrent!
962 727 987 768 ro

141 788 224 842 Adde
240 789 290 841 hos
306 791 448 857 praetcrea
465 801 550 852 casus,
568 785 662 839 aulaea
679 789 761 840 ruant
779 787 802 839 si

126 857 182 918 'Ut
198 863 294 927 modo;
317 863 340 916 si
357 862 477 932 patinam
494 861 567 929 pede
583 861 675 928 lapsus
691 861 801 930 &angat
816 877 904 929 agaso.

142 937 198 992 Sed
215 937 392 992 convivatoris
409 937 450 990 uti
467 933 543 989 ducis
560 935 698 1003 ingenium
715 951 760 988 res

143 1012 283 1067 Advorsae
300 1011 404 1066 nudare
422 1011 516 1074 solent,
535 1009 623 1063 celare
641 1008 789 1064 secundae?

142 1087 306 1142 Nasidienus
323 1080 456 1140 adhaec:
474 1085 548 1139 ‘Tibi
566 1084 595 1138 di
613 1101 788 1154 quaecunque
802 1087 920 1154 preceris
962 1103 987 1140 rr

144 1163 291 1217 Commoda
308 1162 390 1216 dent!
427 1161 473 1214 Ita
489 1159 531 1213 vir
547 1159 635 1213 bonus
652 1177 682 1214 es
699 1161 864 1228 convivaque
881 1161 979 1214 comis!

144 1239 181 1292 Et
198 1239 284 1292 soleas
300 1237 394 1306 poscit.
429 1235 496 1288 'lum
513 1235 542 1288 in
559 1235 630 1289 lecto
648 1252 755 1304 quoque
772 1231 892 1289 videres

145 1313 267 1367 Stridore
284 1315 389 1365 secrete
406 1309 505 1363 divisos
523 1325 589 1363 aure
607 1312 752 1364 susurros?

145 1388 263 1440 “Nullos
280 1386 323 1439 his
340 1384 448 1438 mallem
464 1383 543 1438 ludos
561 1379 713 1452 spectasse3
730 1385 779 1438 sed
795 1385 843 1439 illa

146 1462 243 1516 Redde
261 1477 311 1529 age
329 1459 543 1528 quae'deinceps
560 1459 665 1513 risisti.”
695 1459 845 1513 “Vibidius
862 1461 929 1514 dum
963 1477 988 1515 so

37 1587 44 1600 ,
146 1537 258 1602 Quaerit
275 1537 310 1589 do
326 1534 418 1604 pueris
434 1551 500 1588 num
517 1533 554 1587 sit
571 1550 679 1603 quoque
696 1535 784 1588 fracta
800 1535 903 1605 lagena,

146 1611 225 1676 Quod
242 1611 294 1664 sibi
310 1609 432 1678 poscenti
448 1625 502 1662 non
520 1609 740 1682 danturpocula,
759 1609 879 1680 dumque

146 1686 264 1761 Ridetur
280 1686 351 1741 fictis
367 1701 458 1739 rerum
476 1683 622 1738 Balatrone
640 1685 765 1753 secundo,

146 1759 300 1830 Nasidiene‚
316 1760 392 1815 redis
408 1763 530 1814 mutatae
547 1759 651 1828 frontis,
668 1763 701 1813 ut
722 1763 783 1816 arto

146 1837 345 1892 Emendaturus
361 1835 513 1900 fortunam
530 1834 630 1888 deinde
648 1835 735 1888 secuti
795 1857 800 1864 ·
964 1851 989 1891 ss

146 1911 303 1965 Muzonomo
319 1910 398 1979 pueri
415 1926 513 1977 magno
531 1910 668 1979 discerpta
684 1910 806 1964 ferentes

42 2017 47 2028 ·
147 1985 271 2040 Membra
287 1985 362 2053 gruis
379 1985 465 2052 sparsi
483 1984 539 2038 sale
555 1984 649 2053 multo,
668 2001 721 2038 non
739 1985 798 2039 sins
814 1987 899 2052 farre3

147 2060 294 2128 Pinguibus
312 2062 341 2113 et
358 2059 416 2112 ficis
432 2063 541 2128 pasttnn
555 2060 635 2128 jecur
651 2060 755 2114 anseris
772 2060 851 2115 albae

147 2135 183 2189 m
199 2135 321 2203 leporum
339 2133 452 2202 avulsos,
468 2138 501 2188 ut
517 2134 610 2188 multo·
621 2135 736 2202 munius,
754 2151 850 2202 armos,

147 2210 234 2273 Quam
249 2209 272 2262 si
289 2225 351 2263 cum
366 2207 464 2262 lumbis
480 2209 541 2277 quis
557 2207 631 2274 cdit;
647 2213 707 2263 tum
723 2213 834 2278 pectore
850 2210 948 2264 adusto
965 2227 990 2266 oo

146 2284 272 2337 Vidimus
289 2287 319 2338 et
335 2283 451 2336 mendas
467 2284 532 2353 poni
549 2287 579 2338 et
596 2283 654 2338 sine
672 2283 750 2338 clune
766 2284 913 2355 palumbos,

147 2359 248 2414 Suaves
263 2371 315 2428 rm,
333 2358 356 2412 si
372 2374 426 2412 uon
443 2375 536 2414 causas
553 2362 677 2414 narraret
693 2376 788 2413 earum
805 2365 834 2415 et
879 2355 883 2366 '

145 2435 266 2489 Naturae
283 2434 422 2501 dominus3
440 2452 521 2504 quem
538 2451 587 2490 nos
605 2436 644 2491 sic
659 2436 778 2504 fugimus
794 2437 854 2504 ulti,

145 2503 187 2564 Ut
203 2510 269 2564 nihil
286 2511 393 2564 omnino
410 2515 586 2579 gustaremus,
605 2511 680 2565 velut
696 2511 751 2564 illis

147 2585 260 2642 Canidia
276 2586 393 2676 afflasset
409 2586 488 2656 pejor
504 2588 678 2657 serpentibus
695 2584 793 2645 Afris?
813 2605 835 2680 ⁸⁴
966 2603 992 2645 ss
