2268 3448
190 247 194 254 Ι
385 177 588 227 caarrrrumu
605 177 627 226 1.
646 179 684 227 aa
923 179 957 227 aa

246 261 290 316 At
305 259 402 327 vulgus
418 257 533 310 infidum
550 259 580 310 et
597 256 727 310 meretrix
744 260 820 312 retro
932 277 957 317 a

165 343 175 362 ¹
247 333 362 402 Perjura
380 333 460 400 cedit,
473 331 625 400 ,diffugiunt
641 331 717 384 cadis

282 411 350 466 Cum
367 410 442 462 faece
460 408 566 461 siccatis
584 407 669 471 amici,

316 485 401 538 Ferre
415 483 514 552 jugum
531 482 634 551 pariter
652 481 744 535 dolosi

246 561 346 616 Servos
362 560 466 612 iturum
483 557 628 612 Caesarem
645 556 674 610 iu
690 556 801 610 ultimos

223 647 227 656 ’
246 635 330 689 Orbis
348 633 493 688 Britannos
511 635 540 686 et
553 631 686 700 juvenum
703 645 798 686 recens
935 643 958 682 aa

283 711 404 764 Examen
423 708 487 762 Eois
503 706 656 762 tituendum

317 783 446 840 Partibus
462 782 626 850 Oceanoque
642 780 734 836 rubro.

249 859 329 914 Eheu
345 859 501 913 cicatricum
518 861 548 912 ct
565 855 674 910 sceleris
691 855 777 924 pudet

251 935 441 1002 Fratrumqua
476 933 550 996 Quid
567 949 616 986 nos
635 931 704 984 dura
720 930 868 998 refugimus

274 1011 391 1064 ·Aetasi
409 1008 478 1077 quid
494 1008 627 1060 intactum
644 1007 742 1059 nefasti
938 1017 961 1057 as

319 1083 479 1152 Liquimusi
501 1082 575 1135 unde
592 1097 702 1134 manum
714 1079 846 1148 juventus

250 1159 331 1213 Metu
348 1158 461 1212 deorum
475 1157 631 1211 continuit?
649 1154 748 1224 quibus

250 1233 378 1301 Pepercit
394 1232 468 1287 arisi
504 1231 529 1284 Ο
547 1231 652 1285 utinam
669 1245 738 1284 nova

285 1301 532 1375 Incude'diffingas
548 1305 717 1366 reimsumin

318 1383 489 1451 Massagetas
507 1381 669 1448 Arabasque
685 1379 805 1435 ferrum!

474 1592 612 1646 XXXVL·
678 1661 679 1664 Ἴ

252 1683 295 1737 Er
311 1681 392 1739 thure
408 1683 437 1736 et
454 1681 555 1734 fidibus
568 1680 649 1748 juvat

289 1757 400 1810 Placere
418 1759 447 1810 et
464 1755 542 1809 vituli
561 1755 690 1822 sanguiue
708 1754 802 1810 debito

251 1831 389 1887 Custodes
406 1829 543 1884 Numidae
562 1829 634 1897 deos,

289 1907 341 1970 Qui
358 1905 583 1973 nuuc'Hesperia
599 1920 692 1974 sospes
707 1904 745 1958 ab
761 1904 857 1959 ultima

132 1961 142 1980 ⁸
251 1982 331 2036 (iaris
348 1981 435 2035 muita
452 1980 597 2048 sodalibus,
953 1993 967 2032 s

289 2055 364 2110 Nulli
381 2056 460 2124 plura
476 2059 568 2110 tamen
586 2055 685 2109 dividit
701 2053 791 2109 oscula

253 2131 342 2196 Quam
360 2129 434 2184 dulei
451 2130 569 2198 Lamiae,
587 2146 691 2184 memor

290 2209 378 2260 Actae
395 2223 449 2260 nen
466 2205 519 2259 alio
536 2222 601 2274 rege
617 2205 742 2274 puertiae
810 2205 818 2220 ⁶

253 2281 434 2350 Mutataeque
451 2281 532 2342 simui
549 2284 636 2348 togae.
766 2288 770 2296 “

290 2356 387 2410 Cressa
403 2373 438 2409 ne
453 2359 546 2410 eareat
562 2354 677 2423 pulchra
694 2354 754 2407 dies
770 2357 842 2420 notu,
944 2369 966 2407 ro

253 2431 318 2484 Nou
335 2433 476 2498 promptae
493 2429 590 2482 modus
607 2429 759 2495 amphorae,

290 2505 352 2557 Neu
369 2503 519 2566 meremirr
537 2501 640 2555 Salium
658 2502 695 2556 sit
711 2501 820 2570 requies
837 2501 946 2569 pedum,

254 2579 319 2634 Neu
335 2579 415 2632 multi
425 2577 555 2631 Damalis
572 2577 640 2630 meri

290 2653 406 2708 Bassum
420 2652 548 2706 Threicia
565 2652 655 2706 vineat
671 2651 813 2720 amystide,

255 2729 318 2784 Neu
335 2728 426 2782 desint
443 2728 530 2797 epulis
547 2744 632 2797 rosae,
757 2731 760 2738 '
944 2739 966 2779 1⁵

233 2855 235 2860 s
290 2805 316 2856 N
318 2820 353 2857 cu
370 2804 449 2857 vivax
466 2804 566 2872 apium,
583 2820 639 2858 seu
654 2802 739 2857 breve
755 2802 847 2856 lilium

251 2878 357 2934 Omnes
373 2878 403 2930 ia
422 2878 659 2946 Damalinputres

290 2953 435 3021 Deponent
451 2953 549 3019 oculos,
568 2969 618 3006 nec
635 2951 757 3005 Damalis
773 2965 842 3006 novo

253 3027 407 3082 Divelletur
423 3027 555 3094 adultero,

288 3102 409 3158 Lascivis
426 3101 536 3156 hederis
553 3099 726 3160 ambitiosior.
941 3111 964 3148 aa
