2288 3444
131 173 176 220 ms
401 133 699 220 ubnnrrrrnsccr

130 246 178 300 Nil
195 245 315 302 medium
332 251 382 302 est.
417 247 488 303 Sunt
504 248 552 318 qui
569 248 656 302 nolint
672 246 866 316 tetigissenisi
881 249 943 305 illas
960 259 963 274 ²

130 320 250 385 Quarum
267 321 381 376 subsuta
397 322 467 376 talos
480 324 562 390 ,togae
579 321 674 376 instita
689 325 782 389 reste;

130 397 232 450 Contra
248 397 317 450 alius
333 396 435 450 nullam
451 396 503 450 nisi
521 396 604 450 olenti
621 397 650 452 in
667 397 769 452 fornice
785 401 913 454 stantem.
948 411 971 450 sc

130 472 247 535 Quidam
263 474 343 534 notus
359 471 440 525 bomo
457 488 518 525 cum
535 472 624 526 exiret
639 471 747 540 fornica,
765 472 878 528 “Macte

131 545 242 600 Virtute
260 546 341 614 est0,''
359 546 449 615 inquit
467 547 602 600 sententia
619 547 666 600 dia
683 547 800 603 catonis

131 620 201 677 Nam
219 621 299 674 simul
314 637 347 675 ac
364 637 447 675 renas
464 621 569 684 inflavit
584 625 658 676 tetra
674 621 759 679 libido

132 693 194 748 Huc
206 694 322 762 juvenes
339 711 456 763 eequmn
472 699 515 749 θεὴ
532 695 706 764 descendere,
723 713 777 750 non
794 697 898 752 alienas

131 769 284 823 Permolere
300 786 406 825 uxores.
441 770 554 824 “Nolim
570 771 727 838 lardarier,''
744 772 849 841 inquit}
945 786 971 829 aa
1029 791 1046 819 ε

130 845 197 899 “Sic
213 845 279 912 me,”
299 846 412 900 mirator
428 846 508 900 cunni
526 847 692 914 Cupiennius
707 847 771 902 albi.

130 919 236 973 Audire
253 925 296 975 est
312 937 410 990 operae
427 921 553 990 pretium,
570 922 718 990 procedere
735 925 811 978 recte

131 995 184 1059 Qui
200 997 325 1058 nroechos
342 1013 396 1050 non
413 996 501 1064 vultis,
518 999 551 1050 ut
568 997 642 1050 omni
658 1001 737 1066 parte
754 997 892 1067 laborent;
960 1033 964 1040 ,

129 1069 224 1140 thue
241 1071 294 1126 illis
310 1072 395 1126 multe
413 1075 540 1140 corrupta
558 1071 650 1126 dolore
667 1073 799 1141 voluptas,

130 1147 224 1215 Atque
242 1146 308 1200 haec
324 1163 400 1214 rara,
412 1146 492 1200 eadat
509 1145 578 1200 dura
594 1146 668 1201 inter
685 1163 765 1216 saepe
782 1147 890 1216 pericla
947 1163 972 1204 sc

131 1220 186 1275 Hic
202 1238 232 1276 se
249 1222 424 1290 praecipitem
440 1224 513 1275 tecto
531 1221 624 1288 dedit;
643 1222 689 1276 ille
707 1223 820 1290 flagellis

131 1296 179 1350 Ad
195 1304 311 1350 mortem
328 1313 435 1361 θθθειιες
451 1296 558 1364 tugiam
576 1297 620 1350 liic
637 1297 740 1350 decidit
756 1313 845 1351 acrem

131 1371 301 1426 Praedonem
312 1373 341 1426 in
351 1371 476 1436 turbam;
493 1371 572 1426 dedit
583 1372 627 1426 hic
637 1389 687 1441 pro
698 1388 810 1442 corpore
820 1389 960 1440 nunrmos;

131 1447 213 1501 Hunc
229 1448 432 1516 perminxerrmt
449 1447 570 1512 calones;
588 1448 753 1516 quinetiam
770 1449 838 1502 illud

131 1522 247 1592 Accidit,
264 1528 296 1576 ut
313 1523 424 1592 quidam
441 1526 528 1576 testes
545 1523 714 1592 caudamque
731 1524 846 1578 salacem
948 1538 972 1580 sa

131 1598 291 1654 Demeteret
307 1600 393 1654 ferro·
420 1599 490 1652 dure
508 1613 616 1664 omnes;
635 1599 722 1666 Galba
738 1599 860 1666 negabat

131 1673 225 1728 Tutior
241 1679 271 1729 at
288 1679 389 1743 quanto
406 1691 483 1728 merx
501 1677 544 1728 θεὴ
560 1674 589 1727 in
607 1673 692 1728 classe
709 1675 834 1742 secunda,

131 1748 331 1814 Libertinarum
348 1751 416 1817 dico,
435 1749 579 1803 Sallustius
596 1749 625 1802 in
643 1765 719 1818 quas·

131 1823 158 1877 N
159 1839 194 1878 on
210 1826 299 1878 minus
315 1826 415 1880 insanit
432 1841 514 1893 quarn
525 1825 579 1893 ,qui
596 1825 760 1886 moechatur.
795 1827 836 1880 At
852 1823 896 1880 hic
913 1825 936 1878 si

131 1899 192 1963 Qua
208 1916 259 1968 res,
277 1917 331 1968 qua
347 1900 416 1954 ratio
434 1900 570 1968 suaderet,
587 1900 835 1969 quaque‘modeste
948 1915 973 1954 aa

131 1974 259 2028 Munifico
277 1991 335 2029 esse
352 1975 424 2042 licet,
440 1974 524 2028 vellet
541 1974 627 2028 bonus
644 1979 728 2044 atque
745 1975 880 2042 benignus
974 2010 977 2016 ‚

132 2049 208 2117 Esse,
225 2049 304 2104 daret
321 2054 451 2118 quantum
469 2050 536 2104 satis
554 2054 694 2104 essetnec
712 2049 764 2104 sibi
782 2051 881 2103 damno

132 2124 321 2193 Dedecorique
338 2125 417 2178 foret.
451 2124 555 2178 Verum
573 2125 624 2178 hoc
641 2141 670 2179 se
687 2126 860 2194 amplectitur
876 2141 937 2193 uno,

133 2200 194 2254 Hoc
210 2205 283 2254 amat
300 2203 330 2254 et
347 2199 454 2254 laudat:
473 2199 649 2254 “Matronam
665 2201 766 2253 nullam
784 2217 835 2268 ego
851 2201 955 2270 tango.’'

132 2275 173 2332 Ut
190 2276 325 2345 quondam
343 2275 490 2342 Marsaeus,
508 2279 613 2329 amator
630 2275 748 2344 Originis
765 2275 818 2342 ille,
949 2289 973 2330 ⁵⁵

133 2351 186 2416 Qui
202 2351 320 2421 patrium
337 2351 436 2405 mimae
453 2351 537 2405 donat
554 2351 722 2418 fundumque
738 2351 885 2420 laremque,

132 2427 202 2480 “Nil
213 2427 296 2481 fuerit
306 2426 366 2494 mi,'’
378 2427 475 2496 inquit,
488 2427 570 2480 “cum
582 2425 712 2479 uxoribus
723 2442 843 2495 unquam
855 2425 972 2479 alicnis.’'

132 2503 236 2557 Verum
253 2506 296 2556 est
312 2518 374 2556 cum
391 2502 488 2568 mimis,
506 2504 550 2554 est
567 2517 627 2554 cum
644 2501 841 2566 meretricibus,
859 2500 932 2554 unde
971 2529 974 2536 ‚

132 2579 216 2634 Fama
227 2577 327 2631 malum
338 2577 446 2643 gravius
458 2591 539 2643 quam
550 2591 594 2628 res
605 2575 699 2629 trahit
733 2576 779 2629 An
790 2575 842 2628 tibi
853 2575 962 2628 abunde

132 2655 279 2708 Personam
296 2651 362 2704 satis
379 2653 429 2718 θεὴ,
445 2665 500 2702 non
517 2649 585 2702 illud
602 2649 736 2718 quidquid
752 2651 854 2720 ubique
949 2666 973 2704 cc

132 2728 222 2780 Officit
238 2726 356 2779 evitaret
392 2724 496 2777 Bonam
514 2723 666 2792 deperdere
683 2726 790 2794 famam,

132 2803 202 2854 Rem
213 2801 300 2868 patris
308 2798 447 2864 oblimare,
459 2798 560 2852 malum
572 2802 615 2852 est
625 2799 787 2868 ubicunque.
817 2799 889 2864 Quid
899 2799 974 2852 inter

132 2877 183 2928 Est
198 2875 228 2928 in
245 2877 374 2940 matrone,
391 2873 493 2941 ancilla,
511 2889 640 2942 peccesne
657 2876 767 2942 tagatal

132 2949 230 3002 Villius
247 2948 275 3001 in
294 2948 395 3002 Fausta
413 2947 502 3002 Sullae
519 2964 610 3014 gener,
627 2949 679 3002 hoc
695 2950 779 3002 miser
794 2945 850 3003 uno
895 2985 899 2997 ·

131 3021 157 3074 N
159 3022 248 3074 omina
266 3021 404 3088 deceptus,
421 3037 522 3088 poenas
539 3021 720 3089 deditusque
738 3039 875 3093 superque
950 3038 975 3081 aa

132 3095 219 3158 Quam
236 3093 368 3160 satisest,
385 3095 482 3160 pugnis
499 3111 593 3148 θθθειιε
609 3095 736 3162 ferreque
753 3099 865 3164 petitus,
947 3097 951 3104 '

132 3165 263 3221 Exclusus
280 3167 338 3219 fore
353 3181 415 3218 cum
434 3165 609 3234 Longarenus
626 3169 697 3221 foret
713 3169 795 3225 intus.
