2288 3444
372 219 376 228 ,
440 154 655 205 sermenem
671 155 694 204 1.
713 157 736 206 e.
966 145 1017 205 ιιι

164 234 226 289 Aut
243 231 362 303 positum
380 237 444 290 ante
460 251 523 290 mea
539 235 603 305 quin
619 235 723 304 pullum
740 235 769 288 in
785 237 865 304 parte
881 234 964 290 catini

165 309 283 364 Sustulit
300 309 429 376 esuriens,
448 311 538 364 nrinus
555 311 606 364 boe
620 309 757 378 jucundus
774 311 875 364 amicus

165 384 209 438 Sit
226 383 312 439 mihil
348 384 421 449 Quid
437 386 535 439 faeiem
553 385 576 439 si
592 387 696 438 furtum
713 386 814 452 fecerit,
832 390 880 439 aut
897 385 921 438 si

165 459 323 514 Prodiderit
340 460 481 514 commissa
497 461 553 514 fide
570 477 732 530 sponsumve
748 461 874 528 negaritl
988 475 1012 516 as

166 534 235 598 Quis
251 534 329 604 paria
345 551 405 590 esse
421 536 479 589 fero
495 535 597 604 placuit
613 539 724 604 peoeata
739 535 864 589 laborant

166 610 236 663 Cum
248 613 359 664 ventum
370 611 408 664 ad
418 627 513 664 rerum
524 614 583 677 ost3
596 626 690 665 sensus
701 627 845 679 moresque
857 616 1012 680 repugnant

167 687 263 752 Atque
278 685 338 754 ipsa
353 686 467 754 utilitas,
481 686 551 754 justi
567 702 653 755 prope
669 689 758 740 mater
775 691 804 740 et
821 688 909 755 aequi.

166 759 236 814 (lum
253 767 446 830 prorepserunt
462 762 557 830 primis
574 761 701 815 animalia
716 761 805 826 terris,

166 834 276 890 Mutum
284 839 496 904 etturpepeens‚
505 836 632 904 glandem
640 841 723 905 atque
731 837 829 890 cubilia
837 841 952 907 propter
978 851 1019 899 roo,

166 910 311 978 Unguibus
328 915 358 965 ot
375 912 480 980 pugnis,
498 911 563 964 dein
580 911 705 978 fustibus,
723 916 807 980 atque
824 913 864 965 ita
880 929 961 982 porro

167 984 331 1052 Pugnabant
346 987 429 1040 armis
447 1003 516 1054 quae
533 990 597 1055 post
612 986 793 1040 fabricaverat
809 1003 883 1053 nure,

167 1059 261 1114 Donee
277 1060 362 1114 verba
378 1061 477 1130 quibus
494 1078 573 1114 roees
590 1077 738 1128 sensusque
754 1063 882 1116 notarent

166 1134 194 1188 N
195 1135 338 1204 ominaque
354 1136 496 1197 invenerer
512 1136 611 1190 dehine
628 1137 760 1190 absistere
777 1135 857 1205 bello,

167 1209 276 1279 Oppida
292 1215 438 1278 eoeperunt
454 1211 560 1264 munire
577 1215 606 1264 et
622 1227 723 1279 ponere
740 1211 822 1280 leges,
980 1225 1013 1266 ros

167 1285 212 1340 Ne
229 1286 290 1354 quis
306 1286 351 1340 fur
367 1290 447 1352 esset,
465 1303 519 1340 neu
535 1287 613 1354 latro,
631 1303 686 1340 neu
703 1287 764 1355 quis
781 1286 897 1342 adulter.

167 1360 240 1415 Nam
255 1361 309 1416 fuit
325 1365 391 1415 aute
408 1362 542 1415 Helenam
558 1378 662 1416 ormnus
678 1362 820 1416 teterrima
836 1362 902 1416 belli

168 1437 263 1502 (lausa,
280 1436 330 1490 sed
345 1437 445 1504 ignotis
461 1437 603 1506 perierunt
619 1437 753 1490 mortibus
770 1437 817 1502 illi,

168 1513 243 1575 Quos
258 1528 384 1566 venerem
401 1513 533 1566 incertam
543 1512 688 1580 rapientes
704 1527 780 1565 more
795 1512 914 1565 serarum

167 1587 281 1640 Viribus
298 1587 399 1642 editior
414 1588 554 1654 caedebat,
571 1591 604 1641 ut
620 1587 649 1639 in
665 1603 749 1654 grege
766 1591 868 1640 taurus.
979 1585 1022 1650 ilo¹

167 1662 239 1716 Jura
254 1661 363 1716 inventa
379 1667 456 1716 metu
471 1662 568 1730 injusti
585 1663 689 1716 fateare
706 1677 818 1715 neeesse
828 1665 887 1729 est,

168 1737 301 1805 Tempora
317 1739 342 1792 si
357 1739 496 1806 fastosque
513 1737 581 1794 velis
598 1737 722 1791 evolvere
739 1737 842 1789 mundi.

168 1813 228 1868 Nee
244 1818 343 1867 natura
359 1817 451 1882 potest
462 1813 540 1882 justo
558 1829 700 1867 secernere
717 1812 847 1880 iniquum,

168 1888 275 1942 Dividit
291 1892 324 1942 ut
341 1889 414 1943 bona
430 1889 553 1958 disemis,
570 1888 700 1956 fugienda
717 1888 857 1956 petendis3

167 1964 229 2018 Nee
239 1965 329 2018 mneet
340 1968 383 2018 rat
384 1965 410 2018 io
371 1964 479 2032 t,hoe
491 1965 654 2018 tantundem
665 1968 698 2019 ut
708 1967 803 2032 peccet
815 1963 945 2032 idemque
981 1975 1014 2017 115

168 2039 222 2102 Qui
239 2043 348 2094 teneros
365 2040 455 2094 caules
471 2040 552 2094 alieni
568 2041 684 2109 fregerit
700 2040 773 2093 horti

168 2113 207 2167 Et
223 2115 271 2182 qui
288 2119 433 2168 nocturnus
450 2131 527 2168 saera
543 2114 635 2168 divum
653 2115 758 2184 legerit
794 2113 877 2169 Adsit

169 2189 276 2256 Regula
279 2194 386 2318 peceat
387 2191 410 2243 is
427 2205 497 2258 quae
514 2206 615 2258 poenas
631 2191 735 2257 irroget
751 2205 860 2258 nequas,

169 2263 214 2317 Ne
232 2268 291 2318 seut
292 2265 333 2318 ica
350 2265 462 2332 dignum
479 2265 600 2318 horribili
621 2269 723 2318 sectere
741 2259 820 2331 flagei
821 2265 854 2316 lo

170 2339 243 2393 Nam
259 2345 292 2394 ut
308 2341 395 2393 ferula
411 2340 509 2393 eaedas
525 2340 653 2394 meritum
672 2340 724 2406 maj
727 2355 775 2392 ora
792 2338 883 2392 subire
983 2353 1016 2392 rso

173 2412 294 2468 Verbera
309 2431 364 2468 non
381 2431 484 2481 vereor,
502 2430 563 2468 oum
581 2415 656 2467 dieas
673 2429 733 2466 esse
749 2427 829 2480 pares
846 2429 877 2466 re

172 2489 258 2543 Furta
273 2489 466 2542 latrociniiset
454 2489 587 2556 tmagnis
603 2503 688 2576 parre
704 2487 814 2540 mineris

172 2563 253 2618 Falce
269 2564 418 2618 recisurum
436 2564 516 2617 simili
533 2569 569 2630 te,
588 2564 611 2616 si
627 2561 678 2616 tibi
695 2577 810 2652 regnum

171 2639 338 2693 Permittant
354 2639 482 2692 homines.
518 2637 548 2692 Si
562 2604 641 2692 'diros
659 2639 706 2707 qui
724 2638 832 2706 sapiens
850 2639 900 2706 est,

171 2714 209 2768 nt
225 2717 301 2768 sutor
318 2715 404 2768 bonus
422 2718 451 2768 et
468 2714 540 2768 solus
555 2713 689 2766 forrnosus
706 2717 735 2768 et
752 2716 796 2768 est
812 2729 868 2780 rex,
985 2731 1017 2770 ras

172 2789 228 2842 (lur
244 2793 323 2858 optas
341 2789 414 2857 quod
431 2789 531 2843 baboel
561 2788 623 2842 Non
640 2789 711 2842 nosti
729 2787 796 2857 quid
812 2791 899 2856 pater,
917 2786 1015 2855 inquit,

171 2863 336 2932 Chrysippus
353 2864 442 2918 dieat:
461 2864 574 2932 Sapiens
591 2864 715 2930 crepidas
733 2863 784 2915 sibi
801 2877 940 2930 nunquam

171 2938 231 2993 Nee
248 2940 335 2992 soleas
352 2939 424 3006 feeit,
443 2943 519 2992 sutor
535 2941 628 2990 tamen
645 2941 688 2990 est
705 2937 818 3004 sepiens.
854 2936 932 3000 Quir

171 3013 212 3066 Ut
229 3015 352 3082 quamvis
368 3017 444 3066 tacet
462 3013 651 3077 Hermogenes
668 3014 763 3062 cautor
780 3015 872 3062 tamen
889 3014 972 3076 atque

171 3088 298 3156 Optimus
315 3092 358 3142 ost
375 3087 542 3150 modulator;
559 3088 591 3136 ut
609 3084 733 3136 Alienius
747 3081 832 3149 refer,
850 3084 924 3136 omni
984 3095 1027 3136 rao·

174 3161 292 3230 Abjeeto
308 3163 489 3216 instrumento
505 3158 573 3213 artis
590 3157 734 3225 clausaque
750 3156 872 3224 taberna,
