2276 3448
154 169 201 220 lto
426 161 578 210 Hortum
594 158 726 209 FLACCI

155 245 203 303 Ad
219 244 323 301 eaelum
340 241 464 296 manibus
481 240 596 294 sublatis
612 239 722 304 dixerit,
740 253 815 304 urge,

155 322 330 378 Crescentem
348 316 462 370 tumidis
479 315 543 369 infla
560 312 728 368 sermonibus
745 317 842 367 utrem.

155 397 226 451 (ium
242 400 272 449 to
290 393 401 448 servitio
417 392 498 460 longo
514 406 632 458 curaque
648 388 754 456 levarit,

155 471 194 525 Et
210 473 315 525 eertum
331 468 453 535 vigilans,
472 466 608 530 Qnssrsn
624 479 667 520 sir
683 477 781 518 rueris
797 462 913 530 Umns,
966 475 1003 518 roo

156 545 293 613 Audieris,
310 558 416 596 nunus:
433 542 521 610 ‘Ergo
538 556 611 594 nuno
627 537 716 592 Dama
734 537 834 592 sodalis
1063 595 1068 604 Ι

156 620 299 688 Nusquam
310 619 371 672 esti
395 616 477 671 Unde
488 615 555 670 mihi
565 618 624 668 tarn
634 613 733 668 sortem
745 615 856 680 tamque
866 611 1003 666 fidelemi’

157 695 261 764 Sparge
278 692 401 760 subinde,
419 693 455 760 et,
473 692 496 744 si
513 689 624 758 paulum
640 692 727 756 porea
744 687 920 741 illacrimare:
938 690 983 741 est

158 769 264 822 Gaudia
280 766 441 836 prodentem
458 765 564 819 vultum
581 764 677 818 celare.
714 762 874 831 Sepulcrum

158 844 324 898 Permissum
341 841 454 896 arbitrio
471 841 530 894 sino
548 839 673 894 sordibus
691 842 820 903 exstrue;
836 837 917 891 sunus
970 850 1005 891 loo

158 919 275 986 Egregie
290 918 393 970 sactum
409 915 505 970 laudet
521 915 626 968 vicinia
646 961 648 966 .
662 913 691 968 Si
709 914 771 982 quis

158 993 242 1047 Forte
259 991 423 1046 coheredum
441 990 532 1044 senior
548 990 619 1042 maie
636 989 743 1054 tussiat,
761 987 824 1042 huie
840 991 872 1042 tn

158 1067 217 1135 Dio,
235 1084 270 1121 ex
286 1071 365 1135 parte
382 1069 431 1119 tua
447 1081 497 1118 seu
513 1064 592 1116 fundi
610 1064 666 1116 sive
684 1063 781 1116 domus
799 1064 836 1117 sit

158 1142 279 1211 Emptor,
296 1141 460 1209 gaudentem
477 1155 588 1192 nummo
605 1141 635 1192 te
653 1137 788 1198 addicere.
824 1138 880 1202 Sed
896 1155 942 1194 mo

158 1217 310 1286 Imperiosa
327 1214 413 1269 trahit
431 1213 607 1282 Proserpinm
624 1212 684 1266 vive
702 1212 837 1281 veiequess’
972 1227 1005 1266 uo

555 1351 607 1407 VI.

158 1437 221 1490 Hoe
238 1439 297 1490 erat
314 1436 343 1490 in
359 1435 443 1490 votis:
461 1434 559 1488 modus
575 1433 635 1502 agri
652 1449 707 1488 non
722 1434 764 1490 ita
780 1451 902 1505 magnus,

158 1511 265 1566 Hortus
281 1511 330 1565 ubi
348 1514 378 1564 et
394 1512 469 1564 teoto
486 1509 589 1562 vicinus
602 1508 678 1577 jugis
695 1525 785 1577 oquae
800 1510 865 1568 fons.

157 1586 196 1640 Et
211 1586 321 1655 pardum
339 1585 422 1640 silvae
439 1601 521 1652 snper
538 1583 581 1638 his
597 1584 676 1638 foret
712 1585 828 1638 Anotins
846 1588 929 1653 atquo

157 1659 195 1714 Di
212 1661 308 1716 melius
324 1661 421 1716 fecere.
456 1659 532 1714 Bene
551 1662 600 1714 est.
635 1659 682 1714 Nil
699 1659 815 1727 amplius
832 1675 887 1726 oro,

157 1735 233 1790 Maia
247 1740 320 1804 nate,
337 1736 390 1790 nisi
406 1738 440 1788 ut
456 1735 566 1803 propria
582 1733 650 1788 haee
667 1733 734 1788 mihi
753 1750 867 1788 munera
883 1734 960 1790 mis.
994 1752 1015 1814 εἱ

158 1811 190 1865 si
206 1810 444 1879 neqno'majorem
462 1809 514 1864 ieci
531 1809 725 1865 rationemtda
742 1825 801 1864 rem

158 1884 217 1939 Neo
234 1901 294 1938 sum
310 1885 431 1938 facturus
448 1884 515 1938 vitio
533 1883 644 1951 culpave
661 1884 808 1950 minoremt

152 1959 189 2014 si
205 1977 320 2014 veneror
338 1959 438 2014 stultus
455 1958 524 2012 nihil
541 1958 651 2012 horum:
669 1958 708 2012 ‘O
727 1960 751 2013 si
767 1959 882 2028 angulus
898 1961 946 2016 ilie

159 2034 303 2087 Proximus
320 2033 433 2088 accedat
450 2034 498 2101 qui
516 2050 588 2088 nuno
606 2033 750 2088 denormat
767 2035 901 2102 agellum
945 2054 951 2068 ·

159 2107 184 2160 0
202 2108 226 2160 si
242 2124 338 2161 urnam
355 2108 462 2175 argenti
478 2109 535 2162 fors
552 2124 622 2175 quaa
639 2108 707 2162 mihi
723 2112 865 2179 monstret,
874 2113 908 2164 ut
925 2109 965 2164 illi
983 2125 1005 2166 u

158 2182 295 2236 Thesauro
312 2183 421 2236 invento
439 2183 487 2250 qui
504 2183 688 2238 mercenarius
705 2200 801 2252 agrum

159 2256 241 2311 iilum
258 2257 346 2326 ipsum
363 2262 499 2312 mercatus
516 2258 611 2324 aravit,
629 2258 706 2312 dives
722 2259 810 2314 amieo

158 2332 278 2386 Heronio
289 2333 303 2387 i'
315 2333 339 2385 si
350 2333 425 2402 quod
435 2333 516 2387 adest
526 2337 635 2401 gratum
644 2333 733 2401 juvat,
744 2333 796 2388 hoo
807 2350 889 2402 prece
901 2337 932 2388 te
942 2351 1004 2391 oro:

158 2407 264 2476 Pingue
280 2425 362 2477 pocus
379 2408 489 2462 domino
505 2408 588 2462 facias
605 2411 635 2462 et
651 2411 743 2462 cetera
758 2412 870 2477 praeter

158 2482 308 2551 Ingenium,
320 2486 406 2550 ntqno
424 2483 495 2537 soles
511 2487 603 2537 eustos
620 2483 686 2536 mihi
703 2483 836 2538 maximus
853 2483 935 2539 adsis.
982 2499 1005 2540 1⁵

157 2557 230 2625 Ergo
247 2557 295 2616 ubi
312 2573 356 2610 me
373 2558 402 2610 in
419 2561 525 2612 montes
542 2557 617 2611 etin
633 2573 723 2612 aroem
741 2575 775 2612 ex
792 2558 867 2626 urbe
880 2557 991 2627 removi,

157 2632 230 2696 Quid
246 2632 323 2700 prius
339 2631 474 2684 illustrem
491 2631 583 2685 satiris
600 2647 730 2700 musaque
747 2633 886 2702 pedestrii

155 2707 183 2762 N
184 2723 216 2761 eo
232 2707 304 2760 maia
320 2721 364 2758 me
382 2705 495 2758 ambitio
511 2705 604 2773 perdit
621 2722 673 2760 nee
688 2707 833 2774 plumbeus
850 2708 955 2762 Auster

155 2783 383 2847 Auotumnusque
399 2780 497 2847 gravis,
516 2779 652 2838 Libitinae
670 2786 800 2850 quaestus
817 2783 943 2837 acerbae..

154 2857 291 2912 Matutine
308 2859 395 2924 pater,
412 2871 462 2908 son
479 2855 550 2908 Jane
567 2854 698 2910 libentius
714 2858 802 2924 audis,
980 2873 1003 2914 ss

153 2930 237 2983 Unde
253 2929 377 2984 hominos
395 2945 506 2997 operum
523 2929 626 2998 primos
643 2931 770 3000 vitaeque
786 2932 894 2986 labores

88 3033 93 3042 ·
153 3003 316 3070 instituunt,
334 3003 374 3058 sio
391 3003 433 3057 dis
450 3004 586 3072 placitum,
604 3008 637 3058 tu
653 3007 780 3066 carminis
797 3010 857 3060 esto

152 3077 329 3146 Principium.
365 3077 468 3131 Romae
484 3095 641 3146 sponsorem
658 3095 703 3133 me
723 3081 803 3149 rapis.
839 3077 899 3150 dja,

151 3149 195 3205 ue
213 3153 287 3220 prior
306 3151 392 3206 officio
410 3151 553 3221 quisquam
570 3153 742 3223 respondeat,
760 3171 837 3227 argo.
