2268 3448
408 167 562 220 nonam
578 169 710 220 FLACGI

525 317 625 386 vi,

266 383 390 465 ὃῖιιιιιι,
410 398 501 453 Gades
518 401 577 455 adit
565 405 627 456 ture
644 419 750 463 meeum
767 415 797 464 et

267 471 434 526 cantabriam
451 473 619 530 indoctum
605 494 675 545 juga
691 480 764 534 ferre
781 485 875 540 nostra
891 489 968 542 ot

265 545 402 602 Barbarae
419 549 513 617 Syrtes
530 550 579 605 ubi
595 551 694 608 Maura
711 571 818 626 semper
907 588 913 602 a
927 549 959 580 “·

300 623 419 678 Aestuat
437 624 517 691 unda,
749 648 823 709 ’,ιτ

265 695 351 750 'libor
368 697 461 766 Argeo
478 700 597 768 positum
613 699 753 759 colonos
966 728 981 770 s

265 771 309 825 Sit
326 788 402 826 meae
419 774 499 828 sedes
516 776 622 840 utinam
639 783 771 848 senectae,
798 809 808 838 ι

263 845 308 900 sit
323 847 421 902 modus
438 849 509 904 lasso
525 851 609 905 mnis
626 857 656 908 et
673 855 776 911 vinum

296 921 487 992 Militiaequol

263 995 345 1051 Unde
363 997 386 1051 si
404 998 507 1054 Pareae
523 1001 695 1068 prohibent
687 1004 803 1076 iniquae,

263 1067 350 1126 Dulce
366 1073 468 1140 pellitis
486 1074 580 1129 ovibus
598 1076 707 1131 Galaesi
954 1101 978 1143 se

196 1147 199 1154 “
263 1145 379 1201 Flumen
396 1151 426 1202 et
443 1153 556 1216 regnata
572 1154 665 1219 petam
683 1153 782 1210 Laconi

170 1216 187 1234 ‘'
298 1221 374 1275 Rura
393 1222 551 1278 Phalantho.

235 1300 237 1323 ¹
262 1295 315 1351 Ille
332 1301 468 1351 terrarum
486 1300 552 1353 mihi
569 1305 681 1369 praetor
697 1309 791 1360 omnes
846 1311 852 1324 '

199 1383 200 1390 ¹
263 1373 390 1440 Angelus
407 1372 481 1428 ridet
498 1375 547 1429 ubi
563 1392 617 1430 non
636 1377 769 1448 Hymetto

183 1473 186 1478 ·
213 1459 233 1504 .'
262 1446 347 1502 Mella
363 1448 501 1503 decedunt
517 1449 653 1521 nitidique
670 1458 759 1509 certat
953 1474 976 1516 u

166 1519 190 1593 ’Δ
297 1523 385 1577 Bacca
403 1523 541 1591 Venafro;
581 1547 587 1558 ·

146 1631 151 1639 ·
261 1596 320 1651 Vos
336 1597 383 1652 ubi
400 1598 511 1668 longum
528 1601 691 1672 tepidasque
708 1607 823 1674 praebet

258 1673 390 1742 luppiter
407 1675 524 1744 brumas,
542 1680 574 1730 et
590 1678 692 1732 amicus
711 1680 801 1734 Aulon

261 1746 357 1802 Fertili
375 1749 482 1804 Baeeho
499 1750 640 1806 minimum
659 1753 781 1809 Falernis

295 1823 406 1878 Invidet
423 1825 490 1878 uvis.
947 1849 973 1888 a,

260 1897 313 1950 lile
329 1901 359 1950 te
376 1914 483 1952 meeum
500 1899 574 1954 loeus
590 1905 620 1957 et
636 1903 734 1958 beatae

259 1971 404 2026 Postulant
421 1989 498 2028 eroes
507 1995 514 2040 ;
531 1975 570 2029 ibi
587 1980 619 2031 tu
637 1979 770 2034 calentem

259 2045 362 2100 Debita
378 2063 489 2116 sparges
506 2050 617 2105 laorimo
634 2051 754 2108 favillam

296 2121 375 2176 Vatis
392 2124 478 2178 amici

512 2266 581 2322 VII.

257 2343 283 2397 0
301 2335 387 2399 sanis
403 2363 509 2400 nseonm
526 2361 636 2418 teinpus
653 2349 682 2402 in
699 2350 825 2406 ultimum

258 2418 390 2489 Deducta,
409 2421 496 2475 Binto
514 2424 627 2478 militiae
645 2425 722 2493 duee,

291 2494 359 2558 Quis
377 2500 406 2550 te
423 2497 566 2552 redonavit
554 2499 720 2564 tQuiritem

325 2570 376 2623 Dis
392 2573 489 2638 patriis
508 2573 634 2659 Italoque
651 2577 732 2641 eaelo,

257 2642 370 2711 Pompei
387 2661 510 2698 meorum
527 2648 616 2715 prime
634 2651 773 2718 sodalium,
809 2670 811 2676 '
952 2667 970 2712 t

256 2717 408 2785 Cumque
416 2723 567 2773 nomnen
585 2738 666 2792 saepe
683 2725 756 2780 diem
774 2743 849 2780 niero

291 2790 374 2858 Fregi
392 2797 535 2846 coronatus
552 2795 672 2850 nitentes

323 2864 497 2918 Malobathro
515 2867 591 2935 Syrio
609 2887 640 2922 oa
640 2873 736 2938 pillosl

255 2938 356 2991 'l'eeum
375 2940 513 3008 lhilippos
529 2945 558 2996 et
575 2944 690 2999 celerem
708 2948 755 3000 futr
737 2965 800 3016 gam

255 3011 333 3065 Sensi
351 3013 446 3066 relicto
462 3031 515 3068 non
532 3015 601 3070 bene
618 3021 748 3088 parmula,
942 3038 967 3082 is

291 3085 361 3138 Onna
377 3087 464 3140 iraota
479 3089 567 3144 virtus
585 3094 613 3144 et
629 3092 748 3147 minaoes

325 3157 415 3228 'luipo
433 3161 519 3215 solum
535 3163 653 3230 tetigere
670 3170 770 3226 mente
