2288 3444
143 181 175 230 98

314 237 318 246 ¹
398 175 572 228 :nonam
587 169 719 226 FLAOOI

212 255 352 314 Inachiam
364 259 408 310 ter
419 259 499 310 nocte
509 258 597 324 potes,
608 255 675 308 mihi
687 269 795 322 semper
806 254 844 310 ad
855 261 940 327 unium
975 269 996 309 ιι

245 332 337 386 Mollis
353 346 428 400 opus
463 329 562 384 Pereat
579 329 650 383 mals
669 346 740 398 quae
757 334 787 382 tc

212 406 311 462 Lesbia
327 407 598 475 quaerenti'taurum
616 404 780 458 monstrarit
798 403 923 471 inertem,

246 483 315 536 (lum
332 481 399 534 mihi
417 480 488 534 Cous
505 479 616 534 adesset
635 481 777 546 Amyntas,

212 557 298 625 (iuius
314 556 343 609 in
360 555 492 609 indomito
510 555 678 608 constantior
695 554 805 621 inguine
823 567 924 608 nervus

246 633 333 697 Quam
350 647 420 684 nova
437 629 549 683 collibus
567 629 649 682 arbor
665 627 797 681 inhaeret.
971 643 995 682 aa

211 707 362 760 Muricibus
380 705 467 774 Tyriis
484 705 601 758 iteratae
619 703 720 757 vellera
736 703 814 756 lanas

246 782 297 836 Cui
314 780 549 850 properabanturl
584 779 645 832 Tibi
662 795 768 848 nempe,

212 857 255 910 Nc
272 857 344 910 foret
361 855 488 925 aequales
504 855 578 908 inter
595 853 714 921 conviva,
732 851 819 920 magis
837 867 920 920 quem

246 930 381 998 Diligeret
398 929 495 983 mulier
512 945 563 982 sua
578 945 665 997 quam.
676 931 713 982 ta

211 1005 236 1058 0
254 1021 305 1073 ego
322 1021 377 1058 non
394 1005 467 1072 felix,
484 1019 566 1072 quam
583 1008 616 1056 tu
632 1003 713 1070 iugis:
721 1003 753 1056 ut
770 1003 852 1070 pavet
869 1015 946 1054 acres
967 1015 992 1054 as

246 1081 327 1149 Agna
344 1080 422 1148 lupos
439 1093 606 1148 capreaeque
623 1077 730 1132 leones!
791 1125 793 1130 .

523 1217 611 1273 XIII.

178 1299 313 1354 Hormos
329 1303 476 1368 tempestas
493 1300 598 1354 caelum
616 1298 753 1354 contraxit
770 1287 809 1358 et⁴
818 1299 922 1352 imbres

211 1375 349 1443 Nivesque
360 1373 625 1438 deducunt.Jovem;
642 1389 714 1428 nunc
725 1389 810 1442 mare,
821 1390 893 1427 nuuc
906 1373 993 1426 siluae

177 1447 302 1502 Threicio
320 1448 455 1516 Aquilone
474 1449 748 1517 sonantzrapiamus,
765 1449 853 1515 amici,

193 1523 385 1576 Occasionem
403 1523 438 1576 de
456 1522 510 1590 die,
528 1523 648 1592 dumque
667 1523 758 1576 virent
774 1539 864 1590 genua

176 1597 215 1653 m
231 1598 319 1662 decet,
336 1597 456 1652 obducta
473 1598 593 1652 solvatur
609 1598 700 1652 fronte
718 1601 851 1652 senectus.
979 1612 993 1651 e

110 1727 114 1736 ,
211 1673 252 1726 Tu
268 1673 331 1728 vina
348 1673 486 1742 Torquato
500 1685 581 1742 *more
599 1672 708 1726 consule
725 1687 820 1740 pressa
837 1688 905 1725 mco.

162 1749 278 1803 *Cetera
294 1743 374 1802 mitto
390 1747 481 1816 loqui:
500 1747 568 1801 dens
585 1747 653 1800 haec
669 1747 785 1800 sortasse
802 1746 922 1813 benigna

211 1822 336 1876 Reducct
352 1823 382 1875 in
401 1823 494 1876 sedem
511 1821 576 1876 vice.
611 1821 691 1874 Nunc
709 1825 739 1875 et
757 1821 942 1876 Achaemenio

177 1895 309 1949 Periundi
326 1896 413 1950 nardo
428 1895 509 1964 juvat
526 1900 555 1950 et
572 1897 628 1949 fide
647 1897 774 1964 Cyllenea

195 1971 315 2024 ¹Levana
332 1970 400 2024 diris
416 1973 529 2039 pectora¹
543 1971 785 2035 sollicitudinibus3
882 2025 885 2029 ,
970 1985 993 2022 ιο

175 2044 282 2098 Nobilis
299 2047 332 2097 ut
348 2044 445 2111 grandi
463 2045 561 2099 cecinit
580 2045 733 2098 Centaurus
751 2045 875 2099 alumno:

211 2118 325 2184 Invicto,
343 2119 465 2172 mortalis
483 2117 618 2173 dea'nate
635 2136 704 2188 puer
722 2119 846 2185 Thetide,

175 2193 214 2247 'le
231 2195 324 2246 manet
342 2192 468 2246 Assaraci
485 2193 574 2262 tellus,
592 2209 674 2261 quam
691 2193 792 2261 frigida
809 2192 886 2261 parri

210 2267 335 2320 Findunt
353 2267 509 2322 Scamandri
526 2268 638 2340 flumina
655 2269 775 2322 lubricus
792 2273 822 2322 ct
840 2268 948 2336 Simois,

176 2342 257 2398 Unde
274 2341 326 2396 tibi
343 2343 464 2398 reditum
480 2346 555 2398 certo
572 2343 726 2397 subtemine
745 2343 845 2396 Parcae
918 2355 920 2359 ’
967 2356 991 2397 15

210 2418 328 2488 Rupere,
345 2434 395 2472 nec
412 2421 499 2471 nratcr
517 2417 624 2470 domum
644 2419 753 2471 caemla
770 2421 799 2472 to
816 2417 934 2471 revehet

176 2493 238 2549 Illic
255 2493 335 2546 omne
352 2491 452 2545 malum
470 2491 532 2544 vino
549 2495 685 2560 cantuque
702 2493 798 2558 levato,

210 2567 347 2622 Deformis
365 2566 545 2632 aegrimoniae
563 2565 687 2620 dulcibus
704 2566 835 2636 alloquiis

243 2783 352 2839 Motum
369 2781 474 2838 inertia,
484 2795 533 2834 cur
550 2786 656 2836 tantam
674 2785 815 2840 diffuderit
832 2784 894 2840 imis

278 2857 449 2911 Oblivionem
467 2855 597 2923 sensibus,
720 2911 722 2915 ,

243 2930 343 2996 Pocula
361 2931 494 2983 hethaeos
511 2933 543 2982 ut
561 2931 584 2982 si
601 2931 729 2986 ducentia
746 2949 853 2988 somnos

278 3005 382 3056 Arente
398 3004 476 3056 fauce
492 3004 630 3070 traxerim,

243 3076 366 3129 (landide
384 3078 533 3144 Maecenas,
552 3078 651 3131 occidis
669 3094 750 3146 saepe
767 3083 904 3148 rogando:
975 3095 989 3138 δ

278 3149 360 3214 Dcus,
378 3149 446 3202 dous
463 3167 526 3202 nam
543 3166 587 3202 me
604 3154 681 3204 vetat
990 3149 992 3152 ’
