2276 3448
371 103 382 124 u
414 146 628 198 SATIRARUM
643 149 681 198 11.
699 149 723 200 7.
947 151 992 198 lte

150 226 227 291 Quno
245 228 339 296 procul
356 227 502 282 exstructis
518 228 626 283 inerant
642 229 770 283 iresterna
786 228 917 284 canistris
959 240 994 283 ιω

150 301 223 370 Ergo
240 301 288 354 ubi
305 317 441 370 purpureo
457 307 612 369 porrectum
628 304 657 356 iu
675 308 750 357 reste
767 304 864 359 locarit

151 379 305 444 ngr-estem,
324 377 408 431 veluti
427 379 578 432 succinctus
595 380 709 432 cursitet
726 379 822 448 hospes

151 451 354 520 Continuctque
371 452 457 521 depes
474 469 524 506 nec
540 469 595 506 non
611 453 750 508 verniliter
766 453 834 521 ipsis

151 525 287 594 Fungitur
303 527 404 594 officiis,
421 527 610 595 prneismbens
626 544 705 582 omne
722 529 796 596 quod
813 528 900 582 affert
979 553 984 562 ·

151 599 204 653 Illo
221 600 443 676 cubcnsgaudet
460 604 564 656 mutatu
581 606 655 656 sorte
672 602 805 671 bonisque
960 616 994 657 in

151 675 246 729 Rebus
262 676 320 743 agit
336 677 439 730 laetum
456 677 602 747 convivam,
618 694 680 732 cum
697 677 788 732 subito
804 678 901 746 ingens
1048 675 1052 686 ”

150 749 299 804 Volucrum
316 751 449 818 strepitus
466 751 544 806 lectis
561 752 680 807 excussit
696 755 849 821 utrumque.

60 883 63 888 ,
151 824 269 879 Omnem
285 841 336 892 per
353 829 442 880 totum
459 826 550 894 pavidi
567 827 699 890 conclave,
716 827 856 896 magisque

151 900 297 954 Exanimes
314 901 453 969 trepidare
471 901 550 954 simul
567 901 664 955 domus
680 901 736 955 altu
753 901 878 955 Molossis

152 974 428 1030 Personnitconibus.
462 977 531 1029 'ium
542 977 672 1030 misticus:
692 976 934 1046 ‘Haudlmihirite
960 990 992 1030 ur

151 1049 202 1102 Est
220 1066 286 1118 opus
303 1050 368 1117 hac,’
386 1051 432 1117 cit,
451 1050 493 1104 ‘et
509 1051 612 1115 valeos3
628 1067 673 1104 mc
690 1051 757 1104 silva
773 1067 908 1120 carusque

151 1123 238 1178 'sutus
255 1124 291 1177 ab
308 1125 415 1178 insidiis
431 1121 508 1178 teu'ui
525 1125 655 1179 solabitur
672 1125 772 1178 erro.”’

151 1346 334 1402 “anononn
351 1348 474 1403 ouscrrlio
491 1351 521 1403 et
537 1266 648 1418 ebbliens
664 1348 717 1404 tibi
734 1349 824 1403 dicero
842 1365 935 1402 servus

152 1421 244 1475 Peuce
256 1422 423 1476 reformido.'’
460 1423 638 1478 “Davusnei”
674 1425 747 1488 “Itn,
763 1424 861 1485 Davus,
877 1424 992 1477 amicum

151 1496 318 1564 Mancipium
334 1497 444 1552 domino
461 1501 490 1552 ct
507 1499 579 1566 frugi
596 1498 670 1566 quod
687 1499 724 1551 sit
741 1499 813 1564 satis,
831 1498 882 1551 hoc
899 1501 949 1564 est,

152 1570 194 1624 Ut
210 1571 293 1626 ritule
308 1573 410 1640 putem
446 1573 531 1640 “Age
549 1572 678 1626 libertate
695 1572 847 1636 Decembri,

153 1644 268 1708 Quando
284 1645 325 1699 ita
341 1647 459 1715 majores
476 1648 627 1714 voluerunt,
645 1647 855 1712 utere;ne1rd.”
981 1659 994 1700 r

152 1720 242 1774 ‘anrs
258 1720 397 1774 hominum
413 1722 487 1776 vitiis
504 1722 608 1790 gaudet
624 1725 779 1776 constanter
796 1724 826 1775 et
843 1723 925 1788 urget
997 1750 999 1755 ·

154 1794 340 1863 Propositum
356 1812 420 1863 pers
437 1796 524 1850 multe
540 1800 624 1864 natet,
641 1797 721 1850 modo
738 1799 813 1850 recte
830 1809 980 1864 capessens,

154 1869 299 1923 Interdum
315 1871 406 1938 praxis
423 1870 545 1925 obnoxia.
580 1873 667 1940 Saepe
683 1874 793 1926 notetus

154 1945 223 1997 Cum
240 1943 329 2008 tribus
346 1945 466 2013 aunellis,
484 1947 565 2000 modo
582 1947 659 2000 laeve
677 1947 786 2000 Priscus
802 1945 883 2012 insui,

154 2019 234 2072 vixit
250 2019 405 2088 inaequalis,
423 2021 527 2074 clarum
544 2024 577 2075 ut
593 2025 713 2075 mutaret
729 2021 758 2073 in
775 2019 862 2085 hores,
974 2031 996 2072 m

155 2094 281 2147 Aedibus
298 2111 333 2148 ex
353 2096 458 2163 magnis
476 2095 566 2150 subito
583 2113 613 2149 se
631 2096 767 2161 conderet,
784 2095 858 2148 unde

154 2169 284 2222 Mundior
301 2170 391 2224 exiret
407 2171 453 2224 vix
470 2170 613 2226 libertinus
630 2171 756 2234 honesie;

154 2244 219 2297 Jnm
237 2245 364 2299 moechus
381 2247 491 2311 Romae,
506 2246 565 2313 J'em
584 2245 678 2299 mullet
697 2245 793 2298 doctus
810 2242 928 2297 Athenis

155 2318 264 2388 Vivere,
282 2319 448 2387 Vertumnis,
466 2323 600 2388 quotquot
617 2323 688 2385 sunt,
703 2321 784 2370 natus
800 2317 908 2383 iniquis.

155 2395 255 2448 Scurra
272 2395 439 2461 Volunorius,
456 2397 600 2462 postquem
617 2391 748 2459 iili'jnsta
764 2391 894 2457 cheragra
975 2402 998 2443 rs

156 2469 288 2522 Contudit
305 2470 439 2535 articulos,
457 2468 504 2536 qui
521 2483 571 2536 pro
588 2483 618 2520 se
634 2466 744 2520 tolieret
761 2468 843 2533 atque

155 2543 283 2596 Mitteret
299 2543 328 2597 in
345 2544 467 2612 phimum
484 2541 561 2610 tulos,
578 2541 703 2595 mercede
721 2539 818 2592 diurna

156 2617 326 2672 Conductum
344 2619 434 2686 pavit;
452 2621 553 2686 quanto
571 2616 736 2670 constantior
753 2614 841 2668 isdem

156 2693 191 2746 In
208 2693 289 2759 vitiis,
307 2697 384 2747 tanto
401 2693 487 2746 levius
503 2693 586 2746 miser·
604 2708 635 2745 ec
652 2690 725 2759 prior
742 2690 796 2758 ilio,

156 2767 209 2832 Qui
222 2767 282 2835 jam
298 2771 434 2835 contento,
447 2767 506 2835 jam
523 2768 585 2820 lnxo
602 2767 666 2820 fune
683 2764 812 2819 laborat?
975 2777 998 2816 m

155 2841 201 2895 “N
204 2858 239 2895 ou
256 2842 332 2896 dices
349 2843 437 2908 hodie,
457 2857 585 2909 quorsum
602 2841 669 2894 haec
685 2844 742 2892 tarn
762 2837 859 2907 putida
874 2837 998 2901 tendam,

156 2917 311 2972 Furciferi’'
346 2917 410 2970 “Ad
426 2921 463 2983 tc,
481 2915 613 2982 iuquam?
651 2914 835 2981 “Quosspacto,
850 2911 998 2981 pessimci''

224 2991 352 3044 “Laudas

157 3065 306 3119 Fortunam
324 3069 353 3119 et
369 3081 459 3118 mores
476 3063 603 3130 entiquoo
620 3060 715 3128 plebis,
734 3063 763 3112 et
780 3059 854 3113 idem

157 3141 188 3194 si
205 3140 266 3208 quis
283 3139 320 3192 cd
336 3138 384 3191 illa
400 3138 470 3191 deus
487 3137 576 3190 subito
593 3139 622 3188 te
639 3137 703 3200 agot
719 3149 806 3201 usque
823 3149 939 3197 recuses,
