2276 3448
399 181 612 232 SATIRARUM
629 182 666 230 II.
684 185 707 230 4.
932 180 980 225 lle

132 267 210 332 Quae
228 264 251 318 si
269 263 330 332 quis
347 279 429 316 sanus
446 262 512 316 fecit
530 277 611 315 sanus
628 260 695 314 iacis
712 262 741 314 et
758 264 809 317 tua

132 343 159 396 N
161 358 197 396 on
209 341 270 394 dico
282 337 444 393 horrendam
456 337 581 391 rabiem.''
606 336 643 388 “J
646 353 690 396 arn
702 335 819 388 desine.''
844 333 978 402 “Cultum

133 417 269 484 Majorem
287 415 391 468 censu.’'
427 413 558 479 “Teneris
577 411 750 480 Danrasippe,
767 410 823 464 tuis
839 409 890 463 te.’'

134 491 229 544 “Mille
246 489 404 558 puellarum,
422 503 569 557 puerorum
586 487 660 539 mille
677 485 804 539 furores.'’
941 499 977 539 sse

133 567 178 618 “O
196 565 283 633 major
300 564 411 617 tandem
428 579 530 632 percas,
547 563 649 629 insane,
667 560 764 614 minori
771 559 793 614 u’

427 746 431 750 -
529 704 580 760 IV.

133 788 237 841 “Urina
252 791 282 842 ct
295 805 349 856 quo
366 787 491 842 satine
527 787 573 840 “N
574 802 609 840 on
624 787 668 841 est
683 785 750 839 mihi
763 789 872 854 tempus
886 783 976 838 aventi

134 862 240 917 Ponere
258 863 336 930 signa
352 864 429 916 novis
445 862 605 932 praeceptis,
623 861 715 930 qualia
731 861 841 914 vincant

134 937 306 1005 Pythagoran
325 938 464 1006 Anytique
481 953 558 990 reum
575 936 739 1004 doctumque
758 935 894 990 Platoua‘’

134 1011 300 1066 “Peccatum
316 1013 404 1066 fatcor
420 1029 481 1065 cum
497 1015 527 1066 te
544 1011 582 1064 sic
599 1014 723 1079 tempore
740 1011 817 1065 laevo
840 1015 846 1026 ⁵
1048 1077 1050 1082 Ι

134 1087 351 1156 Interpellarim;
368 1087 417 1142 scd
435 1087 484 1142 des
500 1086 607 1140 reniam
623 1085 711 1140 bonus
728 1101 783 1140 oro.
965 1105 977 1145 s

135 1162 215 1226 Quod
232 1163 256 1215 si
272 1163 443 1216 interciderit
458 1162 510 1216 tibi
527 1161 718 1229 nunc.aliquid
734 1164 844 1229 repetes
854 1157 931 1228 ‘mom

118 1237 198 1302 ,Sive
214 1240 259 1291 cst
274 1240 387 1291 naturae
405 1237 455 1290 hoe
472 1238 528 1290 sive
545 1237 619 1303 artis,
637 1237 722 1290 mirus
739 1236 878 1304 utroque.”

135 1311 227 1376 “Quin
244 1312 275 1366 id
292 1316 352 1366 crat
368 1328 449 1366 curae
466 1327 520 1380 quo
537 1315 616 1379 pacto
633 1315 730 1366 cuncte
746 1315 878 1380 tenerem,
945 1313 949 1318 '

134 1385 241 1455 Utpote
258 1403 303 1441 res
313 1391 409 1448 tenues
426 1388 502 1440 tenui
521 1403 643 1440 sermone
660 1387 806 1456 peractas.'’

134 1461 214 1514 “Ede
230 1462 346 1514 hominis
359 1475 465 1529 nomen,
480 1462 559 1514 simul
576 1466 605 1515 et
620 1461 757 1516 Romanus
771 1479 806 1516 ou
820 1461 941 1530 hospes.’'
956 1477 978 1516 le

135 1537 222 1604 “Ipsa
239 1554 341 1590 memor
358 1541 504 1605 praecepta
521 1553 622 1603 canem,
640 1537 773 1591 celabitur
790 1541 896 1591 auctor.¹

135 1611 229 1679 Longa
246 1612 344 1680 quibus
361 1612 443 1666 iacies
461 1612 519 1665 ovis
536 1611 590 1664 erit
606 1612 653 1664 illa
670 1615 814 1678 memento,

134 1685 177 1738 Ut
194 1687 265 1738 succi
282 1686 400 1740 melioris
417 1685 496 1740 et'ut
512 1686 599 1754 magis
617 1686 679 1742 alba
694 1687 827 1754 rotundis,

135 1759 256 1826 Ponere;
274 1777 391 1830 namque
408 1777 511 1816 marem
528 1761 655 1815 cohibent
672 1761 769 1815 callosa
785 1762 915 1828 vitellum.

136 1835 219 1908 Caiile
237 1836 391 1898 suburbano
409 1837 455 1906 qui
473 1837 550 1890 siccis
568 1837 654 1890 crevit
670 1837 699 1890 in
717 1837 790 1904 agris
959 1851 981 1891 15

136 1909 262 1976 Dulcior;
279 1911 381 1978 irriguo
398 1912 466 1964 nihil
482 1913 528 1965 'est
545 1912 644 1966 elutius
661 1911 748 1966 horto.

135 1985 166 2040 Si
183 1986 361 2055 vespertinus,
373 1986 462 2048 subito
481 1991 510 2040 te
527 1987 693 2055 oppresserit
710 1987 816 2056 hospes,

135 2061 163 2114 N
164 2077 180 2114 e
196 2062 296 2128 gallina
313 2062 412 2114 malum
429 2067 573 2131 responset
589 2062 658 2116 dure
674 2063 773 2132 palato,

135 2135 240 2190 Doctus
258 2137 311 2190 cris
329 2137 416 2191 vivam
433 2138 519 2191 mixto
536 2154 655 2191 mersare
674 2138 804 2204 Falerno;

137 2211 199 2264 Hoc
214 2215 336 2266 teneram
353 2213 440 2268 faciet.
476 2213 651 2268 Pretensibus
668 2214 771 2282 optima
787 2214 878 2282 fungis
959 2229 982 2268 aa

136 2285 163 2338 N
165 2290 244 2340 atura
261 2291 318 2351 cst;
335 2287 395 2340 aliis
412 2288 482 2342 mue
499 2289 627 2342 creditur.
662 2289 715 2342 Ille
732 2289 855 2343 salubres

137 2363 268 2416 Aestates
284 2367 398 2431 peraget
415 2363 462 2430 qui
479 2364 563 2430 nigris
580 2363 694 2432 prandia
710 2364 794 2417 moris

136 2435 236 2504 Finiet,
253 2441 318 2490 ente
334 2453 444 2504 grevcm
462 2453 532 2506 quae
549 2438 646 2505 legerit
663 2437 760 2491 arbore
778 2438 869 2494 solem.

137 2511 266 2565 Aufidius
282 2511 348 2566 lorti
365 2511 498 2566 miscebat
514 2512 595 2566 mella
612 2512 734 2580 Falerno,

99 2607 104 2614 ·
135 2586 277 2655 Mendose,
294 2588 421 2656 quoniam
438 2587 529 2640 vacuis
549 2587 718 2644 committere
734 2590 811 2644 venis
958 2603 982 2643 st

136 2662 184 2714 Nil
201 2661 253 2714 uisi
271 2662 333 2716 lene
350 2662 444 2727 decct;
462 2662 517 2716 leni
534 2663 692 2731 praecordia
710 2665 798 2718 mulso

108 2791 111 2796 ,
137 2736 275 2790 Prolueris
293 2737 397 2794 melius.
432 2736 462 2790 Si
480 2736 549 2790 dura
565 2737 716 2794 morabitur
733 2740 816 2808 alvus,

137 2811 253 2867 Mitulus
271 2816 301 2866 et
318 2812 385 2866 viles
402 2811 505 2881 pellent
522 2812 657 2866 obstantia
674 2815 791 2867 conchae

137 2887 174 2942 m
191 2886 296 2954 lapathi
314 2887 405 2942 brevis
422 2886 515 2952 herba,
533 2886 582 2940 scd
598 2887 661 2940 albo
677 2903 732 2943 non
750 2889 807 2942 sine
826 2886 887 2939 Coo.

135 2961 256 3015 Lubrica
272 2966 414 3023 nascentes
431 2961 547 3028 implent
563 2961 700 3027 conchylia
716 2961 795 3013 lunae
803 2981 810 3025 ;
957 2975 982 3015 so

136 3035 193 3090 Sed
210 3053 265 3092 non
283 3053 362 3092 omne
379 3051 455 3091 mare
473 3038 516 3086 cst
533 3049 678 3100 generosae
695 3034 785 3087 fertile
802 3036 896 3088 testae.

135 3111 243 3164 Murice
261 3112 364 3166 Baiano
381 3101 477 3162 melior
495 3107 611 3164 Lucrina
627 3107 733 3174 peloris,

135 3185 237 3242 Ostrea
255 3185 377 3253 Circeiis,
395 3183 502 3237 Miseno
519 3180 644 3234 emuntur
661 3179 757 3247 echini,
