2288 3444
439 459 713 532 SATIRARUM

358 687 526 755 LIBER
559 694 780 758 PRIMUS.

563 920 587 976 Ι.

152 998 208 1065 Qus
224 1001 265 1068 lit,
283 1001 434 1072 Maecenas,
451 1007 483 1058 ut
501 1018 581 1058 nemo
597 1018 680 1071 quam
697 999 750 1064 sibi
767 1004 871 1062 mrtem

152 1075 208 1130 Seu
224 1077 294 1131 ratio
312 1078 420 1132 dederit
437 1095 486 1132 eeu
502 1078 560 1132 fors
576 1075 708 1144 objecerit
725 1076 772 1130 illa

152 1151 303 1206 Contentus
320 1153 401 1220 vivat,
418 1153 513 1207 laudet
529 1151 638 1206 diversa
655 1153 821 1220 sequentesl

153 1226 200 1278 “0
218 1227 348 1280 fortunati
366 1231 529 1281 mercatores
539 1227 561 1280 !⁷’
579 1226 670 1294 gravis
685 1225 765 1280 annis

153 1299 233 1353 Miles
250 1301 290 1354 ait
306 1301 392 1354 multo
405 1301 465 1368 jam
482 1301 584 1354 fractus
602 1300 724 1354 membra
740 1299 839 1354 labore.
987 1316 1001 1358 t

153 1374 254 1428 Contra
271 1379 410 1442 mercator,
428 1391 524 1428 narem
538 1375 706 1442 jactantibus
724 1375 847 1429 Austris:

153 1448 274 1502 “Militia
291 1454 342 1521 est·
352 1450 448 1519 potior.
484 1450 557 1516 Quid
574 1452 653 1514 enim,
672 1449 855 1504 concurritur:
872 1449 957 1504 horae

153 1523 292 1578 Momento
309 1525 365 1578 cita
380 1541 454 1579 mors
470 1525 545 1578 venit
562 1529 611 1578 aut
627 1525 740 1578 victoria
755 1523 848 1578 laeta?

153 1599 308 1666 Agricolam
325 1600 420 1654 laudat
433 1600 506 1669 juris
523 1600 668 1668 legumque
685 1599 797 1667 peritus,

153 1673 211 1728 Sub
227 1674 291 1742 galli
308 1680 417 1734 cantum
434 1675 571 1730 considtor
587 1673 635 1726 ubi
652 1674 724 1728 ostia
739 1673 837 1742 pulsat
977 1691 1001 1730 ιο

154 1747 205 1804 Ille
222 1749 295 1804 datis
312 1750 427 1806 uadibus
445 1751 492 1820 qui
509 1766 575 1804 rure
591 1751 731 1804 extractus
747 1748 776 1802 in
793 1748 891 1802 urbem
908 1754 954 1804 est

154 1824 230 1878 Solos
246 1824 339 1880 felices
355 1825 477 1880 viventes
494 1825 594 1880 clamat
610 1824 639 1878 in
655 1823 730 1878 urbe

154 1898 253 1952 Cetera
269 1899 423 1968 degenere
441 1901 498 1968 hoc,
516 1900 585 1954 adeo
603 1901 668 1954 sunt
684 1899 778 1966 mults,
795 1899 935 1968 loquacem

153 1973 297 2028 Delassare
315 1974 408 2028 valent
425 1974 548 2030 Fabium.
583 1974 608 2028 N
611 1989 627 2028 e
644 1977 674 2028 te
691 1989 789 2040 moror,
807 1974 872 2037 audi

154 2047 213 2112 Quo
230 2064 289 2101 rem
306 2048 446 2103 deducam.
481 2050 510 2104 si
528 2049 590 2118 quis
607 2049 690 2116 Deus,
703 2048 768 2102 “En
785 2049 856 2116 eg0‚”
870 2048 950 2113 dicat,
977 2064 999 2103 ιι

154 2123 240 2176 “Jam
257 2123 354 2183 ¹faciam
372 2125 445 2194 quod
463 2125 558 2180 vultis:
577 2124 687 2190 crisin,
706 2123 754 2191 qui
770 2123 851 2176 modo
868 2123 953 2189 miles,
1036 2185 1038 2190 y

153 2197 304 2265 llercator;
322 2203 360 2266 tu,
378 2200 517 2254 consultus
533 2199 621 2268 modo,
639 2198 771 2265 mutiens:
788 2197 851 2264 hinc
866 2213 923 2262 vos,

153 2272 211 2326 Vos
227 2273 291 2328 hino
308 2273 420 2328 mutatis
437 2275 571 2328 dlscodite
587 2273 726 2344 partibus:
744 2273 809 2326 Eia!

153 2348 226 2414 Quid
244 2349 354 2404 statisl'’
373 2349 467 2405 nolint.
502 2350 591 2418 Atqui
608 2344 675 2402 licet
690 2364 751 2402 esse
767 2347 864 2402 beatis.

154 2425 226 2489 Quid
243 2441 340 2480 causae
358 2430 402 2480 est
418 2425 516 2480 merito
534 2425 600 2495 quin
617 2423 672 2476 illis
689 2423 821 2492 iuppiter
836 2421 932 2476 ambas
975 2439 998 2476 ιι

154 2499 245 2554 Iratus
262 2500 362 2555 buccas
378 2499 463 2568 inflet,
481 2516 571 2569 neque
588 2515 618 2553 se
635 2499 693 2552 fore
709 2498 824 2567 posthae
897 2527 901 2536 =

153 2574 219 2628 'lam
232 2576 340 2630 facilem
357 2575 432 2629 dicat
448 2575 519 2629 votis
535 2577 569 2628 ut
584 2573 715 2642 praebeat
731 2573 842 2628 antemi

153 2649 299 2704 Praeterea
315 2666 350 2703 ne
368 2649 414 2720 sic,
431 2652 464 2702 ut
481 2649 528 2717 qui
542 2647 682 2718 jocularia,
699 2647 793 2701 ridens

153 2724 314 2778 Percurram
333 2726 506 2791 (quamquam
523 2721 659 2775 ridentem
677 2721 768 2776 dicere
785 2735 879 2776 verum

154 2799 227 2862 Quid
243 2799 339 2852 vetati
355 2801 388 2854 ut
404 2797 497 2865 pueris
514 2796 579 2854 olim
596 2795 664 2850 dant
681 2797 802 2851 crustula
817 2796 912 2852 blandi
975 2803 1015 2852 ιε’

153 2870 293 2940 Doctores,
311 2870 446 2924 elementa
463 2869 549 2938 velint
565 2872 598 2923 ut
615 2870 720 2926 discere
738 2872 850 2947 prima);

154 2945 210 2996 Sed
226 2949 319 3007 tamen
337 2948 426 2998 amolo
444 2940 606 3016 quaeramus
624 2945 696 2998 seria
713 2946 785 3000 ludo.

155 3015 206 3070 lllo
222 3034 332 3084 gravem
350 3019 418 3072 duro
435 3023 538 3074 terram
556 3019 603 3089 qui
620 3020 705 3080 vertit
721 3025 820 3088 aratio,

154 3089 280 3144 Perfidus
296 3091 341 3145 hic
358 3103 450 3169 caupo,
467 3095 553 3166 miles,
570 3097 725 3163 nautaeque
742 3111 792 3163 per
808 3111 888 3150 omne

158 3163 282 3219 Audaces
297 3179 372 3218 mare
389 3166 437 3234 qui
455 3169 575 3236 currunt,
592 3167 643 3222 hae
659 3171 751 3224 mente
767 3167 889 3224 laborem
976 3182 1001 3221 so

1132 3065 1133 3088 l

1132 3187 1133 3210 l

1020 3273 1029 3292 .
1132 3211 1133 3270 l
