2276 3448
135 175 182 221 200
410 174 563 223 HORATII
581 173 709 222 FLAOCI

135 251 282 304 Aemilium
300 253 372 306 circa
388 253 484 307 ludum
501 252 579 306 faber
595 268 666 306 unus
683 256 714 306 et
730 269 835 320 ungues

134 325 279 394 Exprimet
298 330 327 380 et
344 329 440 382 mollcs
458 325 611 382 imitabitur
627 344 691 382 acre
708 327 826 396 capillos,

134 399 234 454 Infelix
252 402 343 470 operis
361 419 467 457 summa
484 404 549 472 quia
565 419 667 471 ponere
684 405 774 456 totum

133 475 253 532 Nesciet
290 478 371 532 Hunc
390 478 441 546 ogo
453 495 505 544 mo,
526 478 548 531 si
566 476 633 546 quid
648 493 809 545 componere
821 494 924 546 curem,
959 495 983 536 as

133 551 196 605 Non
213 553 300 620 magis
319 569 378 606 csso
397 554 476 606 velim
495 569 576 621 quam
594 569 660 606 naso
678 553 770 606 virere
786 568 877 620 pravo,

134 627 317 694 Spectandum
335 629 418 696 nigris
436 629 520 682 oculis
537 627 670 698 niguoquc
689 628 793 696 capillo.

134 702 238 756 Sumite
256 703 398 756 materiam
418 702 516 757 vestris
534 703 582 772 qui
600 702 717 756 scribitis
735 719 851 771 aequam

134 777 246 831 Viribus
265 782 293 832 ct
311 783 418 832 versato
436 778 484 832 diu
502 778 569 846 quid
586 778 660 831 ferre
678 781 813 846 recusent,

134 853 207 916 Quid
224 854 332 908 valeant
349 854 463 908 humeri.
499 853 550 908 Oui
568 853 640 908 lecta
656 856 785 922 potenter
803 853 858 907 crit
876 871 928 921 res,
958 871 983 908 so

133 927 192 982 Nec
208 929 336 983 facundia
353 929 554 984 deseret'bunc
571 945 622 982 nec
639 928 745 982 lucidus
763 928 847 982 ordo(

133 1003 246 1057 Ordinis
263 1004 330 1058 hacc
347 1005 435 1058 virtus
453 1005 508 1058 erit
525 1007 665 1072 strenus,
683 1006 732 1057 aut
749 1020 800 1071 ego
818 1003 903 1072 fallor,

133 1079 174 1132 Ut
188 1079 247 1146 jam
264 1097 335 1134 nunc
354 1080 428 1134 dicat
441 1079 501 1148 jam
517 1095 590 1132 nunc
608 1078 738 1132 debentia
756 1079 818 1144 dici,

133 1154 269 1223 Pleraque
287 1155 396 1209 differat
414 1159 442 1208 et
459 1171 588 1224 praesens
605 1155 634 1207 in
651 1154 898 1221 tompus'omittat;

134 1228 195 1282 Hoc
213 1233 294 1296 ornet,
312 1230 364 1284 hoc
382 1234 494 1298 spernat
510 1229 636 1298 promissi
655 1228 781 1282 carminis
799 1232 899 1283 auctor.
958 1244 983 1284 so

133 1303 167 1356 In
185 1305 275 1358 verbis
292 1297 376 1359 etiar'n
393 1305 484 1358 tenuis
501 1308 652 1372 cautusque
670 1303 800 1372 serendis

133 1378 243 1432 Dixeris
261 1379 485 1448 egregie'notum
502 1379 526 1432 si
543 1379 643 1432 callida
660 1378 776 1432 verbum

133 1453 300 1508 lteddiderit
312 1454 444 1523 junctura
461 1471 568 1509 norum.
604 1454 633 1508 Si
650 1455 723 1508 forte
740 1470 852 1530 neccsse
870 1457 913 1509 cst

133 1528 246 1583 indiciis
263 1524 416 1584 monstrare
433 1529 589 1584 recentibus
607 1527 703 1583 abdita
720 1545 820 1598 rerum,

133 1599 253 1672 Fingere
267 1599 396 1666 cinctutis
414 1621 467 1659 non
487 1605 617 1659 exaudita
636 1604 766 1672 Cethegis
958 1621 983 1661 oo

132 1679 286 1748 Continget,
305 1679 471 1750 dabiturque
489 1681 599 1734 licentia
617 1683 726 1748 sumpta
742 1679 895 1748 pudentcr;

132 1755 169 1808 llt
185 1772 255 1810 nova
272 1757 391 1825 fictaque
408 1773 495 1824 nuper
512 1755 652 1810 habebunt
670 1754 754 1808 verba
771 1756 855 1808 fidem
872 1757 896 1809 si
974 1779 977 1785 ·
1015 1783 1020 1796 ·

132 1830 236 1886 Graeco
254 1833 329 1886 fonte
346 1831 453 1898 cadent,
471 1847 553 1900 parce
572 1831 690 1884 detorta.
709 1871 710 1874 η
727 1829 800 1894 Quid
817 1834 909 1885 autom

71 1959 74 1966 ,
132 1905 250 1960 Caecilio
269 1907 421 1976 Plautoque
439 1907 518 1961 dabit
535 1907 674 1960 Romanus
692 1905 852 1974 ademptum
903 1921 908 1930 ·

132 1981 248 2049 Virgilio
267 1982 422 2051 Varioquel
458 1983 516 2050 Ilgo
534 1999 583 2036 cur
600 1981 744 2051 acquirere
761 1997 849 2050 pauca
873 2029 876 2036 r
958 1998 983 2038 ts

27 2113 31 2122 ,
132 2056 161 2109 Si
178 2073 288 2124 possum
305 2058 434 2126 invideor,
447 2061 514 2112 'cum
531 2058 624 2125 lingua
642 2055 753 2110 Catonis
771 2059 801 2110 et
819 2056 888 2110 Enni

132 2131 289 2184 Sermonem
307 2133 429 2199 patrium
444 2133 574 2186 ditaverit
592 2135 622 2186 et
640 2147 711 2186 nova
727 2149 820 2185 rorum

131 2189 249 2261 N'omina
265 2207 427 2276 protuleritl
463 2207 553 2262 Licuit
571 2223 733 2276 semperque
751 2207 845 2262 licebit

132 2283 274 2350 Signatum
292 2285 437 2351 praesente
453 2286 518 2337 nota
535 2283 687 2352 producere
704 2299 811 2336 nomen.
990 2337 993 2344 Δ

132 2359 172 2412 Ut
190 2357 274 2412 silvae
290 2358 362 2412 loliis
379 2361 478 2428 pronos
496 2361 638 2412 mutantur
654 2358 683 2410 in
701 2375 792 2426 annos,
958 2374 983 2412 oa

132 2434 224 2486 Prima
241 2433 357 2488 cadunt:
375 2435 416 2487 ita
433 2433 578 2486 verborum
597 2436 676 2486 vetus
694 2433 791 2487 interit
809 2437 892 2502 actasj

132 2509 169 2561 Et
182 2508 315 2575 juvenum
332 2508 389 2562 ritu
406 2509 505 2588 florent
522 2508 603 2562 modo
620 2512 686 2562 nata
703 2509 859 2578 vigentque.

132 2582 273 2637 Debemur
289 2583 371 2636 morti
388 2600 437 2636 nos
454 2585 618 2652 nostraque;
636 2584 693 2636 sire
710 2587 839 2654 receptus

132 2659 216 2712 Terra
233 2659 380 2726 Neptunus
397 2658 497 2712 classes
515 2658 686 2728 aquilonibus
704 2663 787 2728 arcet,

132 2733 216 2800 Regis
234 2750 309 2803 opus,
328 2733 462 2787 sterilisve
480 2733 529 2788 diu
545 2734 622 2803 palus
633 2735 758 2803 'aptaque
775 2734 860 2788 tomis
961 2751 984 2790 ss

131 2807 243 2862 Vicinas
260 2809 342 2866 urbes
360 2808 409 2862 alit
426 2812 457 2862 et
473 2825 558 2878 grave
575 2808 660 2863 sentit
677 2812 807 2878 aratrum,

101 2913 103 2916 -
132 2882 187 2934 Seu
203 2899 311 2936 cursum
328 2884 446 2938 mutarit
463 2884 587 2952 iniquum
604 2883 728 2952 frugibus
746 2885 832 2938 amnis

70 3009 71 3012 ,
131 2955 236 3009 Doctus
253 2958 308 3013 iter
324 2958 428 3028 melius,
446 2960 571 3013 mortalia
587 2958 661 3012 facta
677 2959 816 3028 peribunt,

131 3029 242 3082 Nedum
259 3047 413 3087 sermonum
431 3037 488 3088 stet
505 3035 591 3088 honos
609 3037 638 3088 et
654 3037 745 3102 gratia
762 3037 850 3089 vivax.

131 3102 222 3155 Multa
237 3112 414 3162 renascentur
433 3109 576 3176 quaejam
594 3109 726 3177 cecidere,
744 3111 899 3180 cadentque
960 3128 984 3168 ra

132 3177 208 3240 Quae
225 3193 296 3231 nunc
313 3184 376 3234 sunt
393 3182 422 3234 in
439 3181 542 3236 honore
559 3182 695 3252 vocabula,
714 3185 737 3238 si
755 3185 830 3242 volct
846 3203 920 3255 usus,
