2288 3444
402 182 613 238 OARMINUM
629 183 678 234 1v
698 183 735 233 le.
966 186 996 235 el

293 266 445 321 Aeternum
462 262 642 351 opprobrium,
659 262 734 332 quod
750 263 820 318 mele
836 263 967 320 barbares

327 340 433 406 Regum
450 341 494 394 est
510 336 568 392 ulte
584 330 716 392 libidines.

293 415 393 469 Dicunt
409 412 438 466 in
454 407 550 468 termo
566 409 688 501 grnmirm
705 413 843 482 pinguium

293 488 426 544 Custodes
443 477 533 542 ovium
550 481 670 543 carmine
686 488 784 556 fistule,
978 497 998 538 lo

292 564 491 632 Delectentque
508 563 589 618 deum
606 560 649 618 cui
666 579 749 634 pecus
766 568 795 618 et
811 563 882 632 nigri

326 639 415 694 Colles
432 636 567 693 Arcadiae
583 639 700 708 placent.

292 715 442 769 Adduxere
460 714 533 768 silim
549 717 679 783 tempore,
691 715 807 783 Virgili3

291 791 347 844 Sed
362 805 486 858 pressum
503 789 613 844 Calibus
630 790 729 844 ducere
746 789 877 845 Liberum

291 865 320 920 si
337 865 426 932 gestis,
438 863 571 932 juvenum
587 865 725 920 nobilium
736 865 828 934 edens,

323 941 350 993 N
351 939 418 993 erdo
434 939 496 993 vina
513 939 660 994 merebere.

290 1015 379 1070 Nerdi
392 1031 492 1084 pervus
509 1031 580 1081 onyx
597 1016 687 1072 eliciet
703 1015 801 1069 cadum

182 1140 188 1150 .
290 1091 343 1154 Qui
358 1106 429 1150 nunc
446 1089 701 1158 Sulpiciiseccubet
716 1091 828 1158 horreis,

290 1165 357 1234 Spes
374 1165 475 1218 donare
492 1180 575 1217 noves
592 1164 682 1232 largus
699 1181 845 1235 amoreque

323 1241 455 1294 Cur-erum
472 1239 563 1293 eluere
574 1239 675 1294 efficax.

289 1314 337 1368 Ad
353 1329 423 1382 quae
440 1314 463 1368 si
480 1329 608 1383 properes
624 1315 731 1383 gaudie,
749 1331 810 1368 oum
828 1319 876 1370 tue

288 1389 377 1442 Velox
392 1405 489 1450 merce,
499 1390 578 1444 veni:
595 1405 649 1444 non
666 1407 716 1458 ego
733 1394 763 1444 te
779 1392 849 1446 meis

289 1465 441 1519 Immunem
458 1464 577 1518 meditor
593 1465 700 1533 tingere
716 1466 827 1535 pocuIIs,

322 1539 406 1593 Pleue
422 1539 498 1594 diues
515 1543 547 1593 ut
563 1539 592 1593 in
609 1540 698 1596 domo.

155 1655 158 1662 .
194 1619 197 1623 '
288 1615 392 1668 Verum
408 1629 479 1683 pone
495 1629 586 1669 morae
602 1614 771 1668 et‘studium
787 1615 863 1682 lucri,

287 1690 312 1743 N
315 1689 485 1758 igrorumque
501 1703 611 1756 memor,
630 1688 696 1742 dum
712 1689 783 1756 licet,
800 1689 903 1758 ignium

288 1764 372 1819 Misce
384 1764 531 1821 stultitiam
549 1763 665 1817 consiliis
680 1763 807 1821 brevem:

320 1838 407 1892 Dulce
424 1842 467 1894 est
483 1838 607 1907 desipere
623 1839 653 1892 iu
669 1839 735 1894 loco.

528 1980 614 2035 XIII.

287 2061 446 2130 Auorvnun,
464 2061 540 2130 Lyce,
558 2063 587 2116 di
604 2079 666 2118 mee
682 2066 752 2129 vote,
770 2064 827 2118 di

287 2137 433 2204 Audivere,
452 2136 535 2206 Lyce:
553 2138 677 2208 fisenus,
695 2143 832 2194 ettamen

321 2211 371 2264 Vis
387 2212 504 2266 lonnose
520 2211 608 2266 videri
680 2239 683 2246 ⁴

354 2279 494 2348 Ludisque
511 2284 541 2334 et
557 2280 629 2335 bibis
645 2281 790 2350 impudens

286 2353 323 2406 Et
340 2357 421 2407 cautu
436 2355 553 2408 tremulo
569 2359 635 2422 pote
652 2355 814 2423 Cupidinem

287 2429 404 2481 Leutum
421 2429 556 2483 sollicites.
592 2429 646 2482 llle
661 2430 774 2484 uirentis
790 2434 820 2484 et

319 2502 424 2556 Doctae
440 2503 557 2571 psallere
575 2503 660 2556 Chiae

354 2577 478 2631 Pulchris
495 2577 613 2632 excubet
628 2578 657 2631 in
674 2580 758 2646 genis.

286 2651 462 2720 Importunus
478 2653 551 2714 enim
567 2655 718 2708 transvolet
735 2655 826 2710 arides

285 2727 414 2795 Quercus,
431 2731 460 2780 et
476 2727 577 2795 refugit
594 2732 624 2783 te
641 2730 706 2798 quia
722 2731 805 2784 luridi

317 2801 430 2868 Dentes,
447 2805 476 2855 te
494 2803 558 2870 quie
574 2820 658 2871 rugae

352 2875 473 2944 'lurpent
490 2881 520 2929 et
536 2879 632 2944 cepitis
649 2879 731 2932 nives.

283 2949 311 3005 N
312 2965 344 3003 ec
361 2950 433 3003 Coae
449 2966 480 3002 re
481 2951 597 3003 t'erunt
584 2967 643 3016 Jam
660 2951 712 3002 tibi
730 2967 872 3018 purpureo

284 3024 344 3079 Nec
361 3024 427 3078 clari
444 3023 549 3091 lapides
566 3027 697 3090 tempore,
715 3039 785 3105 quue
802 3025 886 3078 semel

317 3097 399 3150 Notis
415 3096 524 3150 condite
540 3095 618 3146 iestis

354 3165 470 3249 inclusit
483 3167 597 3222 volueris
614 3165 681 3227 diet·
