2276 3448
140 185 191 235 172
402 184 567 234 notram
583 185 713 236 FLAGOE

138 262 251 319 inritus
287 263 363 331 Fuge
379 279 491 332 magna:
509 265 574 319 licet
591 264 643 318 sub
660 280 780 352 paupere
796 266 871 320 tecto

138 337 229 405 Reges
247 340 276 392 ot
294 355 390 406 regum
407 339 465 393 vite
467 356 658 420 praecurrere
675 340 782 394 amicos.

139 412 241 465 Cervus
259 429 359 480 equnrn
376 430 467 482 pugna
467 407 580 468 “melior
596 413 783 482 communibus
800 413 892 468 herbis

140 486 271 554 Pellebat,
289 486 375 541 donee
392 489 481 542 minor
496 489 525 542 ιιι
542 490 691 542 certamine
710 488 823 576 leriga.

140 561 299 630 Implorarit
316 578 382 630 opes
398 563 515 616 hominis
531 564 693 633 frenumque
709 551 829 633 reecpitss

140 635 196 690 Sed
213 640 356 706 postquam
374 638 460 692 victor
477 638 580 691 violens
599 638 723 692 discessit
740 638 775 692 ab
793 638 871 692 hoste

140 711 167 764 N
168 727 203 764 on
218 712 297 780 equit
298 729 341 764 em
359 713 447 780 dorso,
460 729 518 766 non
535 713 642 766 frenum
660 712 767 781 depulit
784 728 839 766 ore.

140 785 186 838 Sic
202 787 249 854 qui
266 785 424 854 pauperiem
441 787 546 842 veritus
563 788 669 856 potiore
687 786 804 840 metallis

141 860 282 915 Libertate
299 865 382 925 caret,
400 861 540 916 dominum
557 863 632 916 rabit
652 861 793 930 improbus
810 863 893 928 atque

141 935 248 990 Serriet
264 925 413 1004 aeternum,
431 937 496 1005 quie
512 953 596 1010 parvo
613 937 717 990 nesciet
734 936 784 989 uti.

141 1009 193 1062 Cui
210 1027 264 1063 non
282 1011 423 1064 eonseniet
441 1028 490 1064 sun
507 1028 559 1078 res,
577 1014 610 1065 nt
626 1011 732 1064 calceum
750 1010 821 1074 olim,

141 1084 171 1138 Si
188 1086 259 1153 pede
276 1086 364 1154 major
381 1086 435 1140 erit
452 1085 565 1140 subrcrt
553 1089 602 1153 t‚et
620 1086 643 1138 si
661 1085 748 1138 minor
765 1088 835 1140 uret

141 1158 243 1215 Laetus
260 1165 336 1214 sorte
350 1164 400 1214 tua
416 1153 491 1215 vires
511 1161 655 1229 sapienter,
675 1159 772 1227 Aristi,
836 1187 838 1192 ·

141 1233 168 1287 Ν
170 1251 202 1289 ec
217 1252 262 1290 me
279 1235 411 1289 dimittes
409 1237 609 1303 incastigatum
625 1235 674 1288 ubi
690 1234 771 1303 plura

142 1309 246 1377 Cogere
262 1327 344 1378 quem
362 1310 429 1364 satis
445 1314 489 1363 est
506 1327 537 1363 ac
553 1327 607 1363 non
624 1326 732 1364 cessare
748 1307 868 1363 videbor.

143 1382 266 1452 Imperat
283 1384 434 1438 autscrrit
450 1385 562 1438 collecte
578 1385 694 1454 pecunia
710 1383 816 1453 cuique,

141 1457 254 1512 'l'ortuni
271 1459 355 1528 digne
372 1459 449 1527 sequi
466 1461 557 1528 potins
574 1475 657 1528 quem
674 1459 776 1512 ducere
793 1459 893 1512 funem

143 1532 221 1588 Haeo
237 1533 289 1588 tibi
305 1534 443 1590 dictabam
460 1538 523 1602 post
539 1535 631 1588 tenum
647 1537 730 1601 putre
747 1532 883 1598 Vacunae,

37 1639 40 1646 ,
143 1609 265 1680 llxcepto
282 1609 356 1678 quod
373 1627 426 1662 non
443 1609 523 1664 simul
542 1625 616 1684 esses
633 1612 742 1662 caetere
758 1607 853 1662 laetus

538 1749 589 1805 XI.

142 1831 217 1895 Qum
234 1830 285 1885 tibi
303 1833 360 1889 risa
378 1831 467 1897 Chios,
486 1831 597 1898 Bullat,i
567 1834 734 1901 tantaque
751 1831 774 1885 Ι
776 1831 863 1898 esbos,

143 1906 216 1970 Quid
233 1907 362 1960 concinna
380 1906 481 1971 Samos,
500 1907 568 1975 quid
586 1906 680 1960 Croesi
697 1907 773 1974 regia
791 1907 899 1972 Sardes,

143 1983 256 2048 Smyrna
273 1981 387 2049 quidet
405 1981 559 2048 Colophoni
595 1981 703 2048 Majora
719 1981 858 2036 minorare
875 1981 955 2042 farne,

143 2058 283 2109 Cunctane
300 2072 367 2142 prae
385 2056 486 2123 Campo
504 2060 534 2110 et
551 2055 679 2110 'liberino
696 2055 807 2110 flumine
825 2045 953 2110 sordenti

143 2133 189 2185 An
207 2130 327 2186 venitm
344 2132 438 2184 votum
456 2131 586 2185 Attalicis
602 2147 638 2186 ex
656 2130 771 2186 urbibus
788 2145 849 2198 uns,
907 2165 911 2172 -
977 2145 990 2184 ι

144 2208 189 2259 An
207 2203 349 2268 Lebedum
366 2203 462 2258 laudas
479 2205 543 2259 odio
559 2206 643 2260 meris
660 2210 744 2274 etque
760 2205 881 2259 riarumi

143 2281 201 2334 Seis
218 2279 346 2336 Lebedus
363 2279 431 2348 qnid
448 2279 499 2345 sit;
517 2280 613 2334 Gabiis
630 2280 765 2335 desertior
781 2284 866 2349 atque

143 2355 255 2410 Fidenis
272 2355 362 2420 vicus;
378 2359 471 2416 tamen
489 2356 545 2410 illic
562 2356 653 2409 vivere
671 2355 776 2420 vellem,

143 2431 305 2499 Oblitusque
322 2447 445 2484 meorum
463 2429 662 2484 obliviscendus
679 2435 709 2484 et
726 2431 779 2483 illis

142 2507 303 2573 Neptunum
320 2506 414 2593 procul
432 2509 540 2560 eterra
557 2509 680 2573 spectare
698 2506 843 2560 furentem.
970 2517 991 2556 n

142 2582 198 2634 Sed
215 2597 306 2649 neque
323 2580 372 2648 qui
390 2581 484 2648 (lapus
501 2579 616 2634 Romam
633 2580 705 2648 petit
722 2579 810 2634 imbre
827 2580 940 2647 lutoque

143 2657 300 2724 Adspersns
316 2654 416 2708 volet'
408 2671 437 2706 ιιι
454 2670 575 2722 caupona
592 2655 698 2720 riverc3
716 2671 767 2709 nce
784 2654 852 2722 qui·

143 2731 209 2798 lrig
191 2747 241 2782 <rus
259 2728 369 2796 collegit
385 2728 479 2782 furnos
498 2731 528 2782 et
544 2728 642 2783 balnea
659 2729 768 2784 landet

144 2804 183 2858 Ut
200 2806 367 2857 fortunatam
384 2802 465 2872 plene
483 2804 652 2872 praestantia
669 2805 770 2866 sitam„

142 2877 169 2932 N
171 2895 202 2931 ec
219 2879 242 2930 si
259 2881 289 2930 te
306 2877 412 2931 validus
425 2877 573 2946 jactaverit
591 2881 697 2932 Auster
713 2879 742 2931 in
759 2878 823 2945 ulto,
971 2888 994 2928 ιι

143 2952 249 3006 Idcirco
267 2969 364 3006 navem
380 2956 458 3008 trans
476 2954 618 3020 Aegaeum
635 2969 710 3007 mere
727 2952 837 3007 vendes.

143 3025 276 3079 incolumi
294 3025 406 3080 Rhodos
424 3030 455 3081 et
472 3025 603 3096 Mytilene
621 3027 735 3095 pulchra
750 3027 818 3080 iacit
834 3021 910 3095 quod

143 3098 263 3164 Paenula
280 3100 405 3168 solstitio,
423 3106 578 3170 mmpestra
595 3101 730 3154 nivalibus
747 3102 830 3167 auris,

141 3174 197 3228 Per
214 3173 339 3228 brumam
357 3175 470 3229 Tiberis.
489 3175 697 3229 sextilianum
715 3177 844 3228 camirrns.
