2276 3448
137 210 194 257 '210
422 203 722 253 HORATII'FEAUCI

146 287 183 341 ut
199 286 406 355 faciuntpropo
422 283 501 352 plura
518 283 674 338 dolentibus
691 299 727 337 ex
744 280 842 349 anime,
860 279 899 341 sic
968 283 975 306 ⁸

146 361 259 416 Derisor
275 376 341 414 vero
358 359 420 428 plus
437 359 580 414 laudatore
596 361 728 412 movetur.

147 435 239 504 Reges
256 433 384 488 dicuntur
401 433 494 486 multis
511 449 610 501 urgere
628 433 734 486 culullis

147 510 185 564 Et
201 514 332 579 torquere
348 525 425 562 mero
443 525 524 576 quem
541 510 713 576 perspexisse
730 506 863 576 laborant,
958 524 991 564 sat

147 585 194 638 An
211 585 248 638 sit
264 584 383 638 amicitia
400 584 511 651 dignus:
529 584 552 636 si
570 582 806 637 commendes

146 659 293 728 Nunquam
310 661 341 714 te
357 659 453 712 fallant
469 659 552 712 animi
571 659 622 712 sub
639 658 720 726 vulpe
737 657 861 712 latentes.

147 735 278 799 Quintilio
295 735 319 788 ei
336 735 403 803 quid
419 734 558 802 recitares,
576 733 709 802 “Conige
726 733 806 787 sodes

147 809 231 878 Hoc,”
249 811 346 878 aiebat,
365 810 414 864 “et
430 809 510 863 hoe:”
528 809 625 863 melius
642 813 672 862 te
688 824 768 877 pesse
786 823 900 874 negares

147 885 196 940 Bis
212 890 310 956 terque
328 889 472 954 expertum
489 883 599 952 frustra,
618 884 710 938 delere
724 883 842 951 jubebat
956 901 991 941 4411

147 961 184 1015 ut
200 961 271 1016 male
288 965 410 1015 tornatos
426 961 519 1013 incudi
536 960 655 1014 reddere
672 975 774 1013 versus.

147 1036 176 1089 Si
194 1036 343 1090 defendere
360 1036 489 1089 delictum
507 1051 589 1103 quam
606 1037 714 1088 vertere
733 1034 834 1101 mallee,

147 1110 260 1165 Nullum
271 1112 344 1166 ultra
355 1109 468 1164 verbum
480 1114 528 1163 aut
540 1126 650 1178 operam
662 1109 816 1163 insumebat
827 1110 934 1164 inanem

148 1187 219 1250 Quin
237 1188 294 1240 sine
312 1185 389 1240 rivali
407 1189 490 1254 teque
510 1189 539 1240 et
557 1189 605 1239 tua
623 1183 696 1238 selus
714 1201 826 1238 amares.

147 1259 198 1313 Vir
213 1261 298 1314 bonus
315 1265 344 1314 et
359 1261 480 1330 prudens
495 1275 588 1312 remus
604 1259 790 1328 reprehendet
805 1261 913 1327 inertes,
956 1274 992 1314 445

148 1336 275 1404 Culpabit
292 1335 381 1402 dures,
400 1335 544 1402 incomptis
562 1334 664 1388 adlinet
682 1338 773 1388 atrum
795 1373 798 1376 -

147 1410 277 1465 ¹l'raverse
294 1410 396 1464 calamo
413 1409 527 1477 signum,
544 1408 687 1463 ambitiosa
704 1409 809 1464 recidet

147 1486 319 1553 Omemente,
337 1501 434 1554 parum
452 1484 531 1537 claris
550 1483 637 1537 lucem
656 1485 723 1539 dare
741 1489 826 1554 coget,

147 1565 255 1631 Arguat
272 1561 398 1630 ambigue
417 1559 528 1623 dietum,
547 1559 679 1612 mutanda
698 1559 812 1627 notabit,

147 1638 211 1692 Fiet
222 1635 418 1699 ¹Aristarchum
436 1650 490 1686 non
508 1633 595 1688 dicet:
614 1635 690 1688 “Cur
707 1651 758 1702 ego
776 1636 892 1689 amicum
957 1648 993 1688 450

147 1712 288 1766 Offendam
306 1711 335 1764 in
352 1710 431 1778 nugis
437 1709 461 1763 l'
499 1708 561 1762 Hae
578 1725 670 1777 nugae
683 1711 754 1763 seria
771 1710 873 1765 ducent

148 1789 181 1841 ln
199 1787 269 1840 mala
286 1786 407 1841 derisum
424 1783 508 1837 semel
527 1789 728 1853 exceptumque
744 1785 863 1838 sinistre.

147 1863 187 1916 Ut
203 1863 274 1916 mala
292 1858 499 1930 quem¹scabies
517 1862 566 1912 aut
585 1859 696 1914 morbus
714 1860 805 1928 regius
826 1864 920 1928 urget-

148 1939 206 1990 Aut
223 1937 355 1990 fanaticus
374 1950 451 1990 error
467 1937 497 1988 ct
514 1934 645 1988 iracunda
662 1934 759 2004 Diana,

148 2013 283 2064 vesanum
301 2010 427 2078 tetigisse
443 2009 543 2063 timent
561 2009 725 2078 fugiuntque
741 2013 851 2079 poetam
956 2027 995 2077 ,111

147 2087 200 2150 Qui
218 2087 341 2155 sapiunt3
358 2085 464 2152 agitant
480 2084 558 2152 pueri
576 2084 733 2154 incautique
750 2091 907 2154 sequuntur.

147 2161 209 2226 Hic,
227 2161 293 2213 dum
310 2159 433 2212 sublimis
450 2175 545 2212 versus
562 2163 686 2213 ructatur
703 2164 734 2215 et
751 2165 832 2228 errat,
881 2155 884 2162 ’

147 2236 177 2290 Si
194 2235 279 2290 veluti
296 2233 407 2288 merulis
423 2233 547 2287 intentus
563 2233 668 2288 decidit
684 2251 784 2305 auceps

148 2313 182 2366 In
199 2317 311 2381 puteum
328 2310 475 2377 foveamve,
493 2308 564 2374 licet
582 2309 781 2380 “succurrite”
799 2312 909 2380 longum

147 2388 261 2454 Clamet,
280 2385 332 2439 “Io
349 2385 450 2439 circel’
468 2401 522 2438 non
540 2386 577 2438 sit
594 2386 642 2453 qui
659 2386 757 2441 tollere
775 2393 859 2442 curet.
961 2404 995 2444 411

147 2463 177 2516 Si
194 2465 271 2516 curet
288 2460 350 2529 quis
367 2476 447 2528 opem
464 2459 537 2514 ferre
556 2463 586 2514 et
603 2461 751 2516 demittere
769 2461 870 2531 funem,

147 2538 163 2566 “
169 2537 222 2602 Qui
240 2536 292 2590 scis
309 2552 343 2588 an
361 2535 482 2604 prudens
499 2535 552 2588 huc
569 2551 599 2589 se
616 2535 763 2605 projecerit
780 2541 865 2606 atque

147 2612 256 2668 Servari
273 2611 372 2664 nolitl”
392 2610 489 2675 dicam,
508 2610 645 2679 Siculique
662 2615 760 2680 poetae

147 2687 274 2743 Narrabo
291 2685 440 2739 interitum.
475 2685 550 2739 Deus
568 2686 730 2742 immortalis
746 2686 843 2741 haberi

147 2765 221 2818 Dum
233 2762 308 2830 eupit
320 2760 505 2828 Empedocles,
517 2761 660 2816 ardentem
671 2761 788 2830 frigidus
801 2764 923 2817 Aetnam
961 2777 997 2817 415

148 2838 264 2891 Insiluit.
300 2837 342 2890 Sit
355 2836 403 2903 jus
420 2835 555 2904 liceatque
572 2837 661 2904 perire
677 2837 781 2905 politis:

148 2913 269 2966 Invitum
287 2911 334 2982 qui
352 2915 444 2964 servat
460 2911 534 2964 idem
551 2911 617 2965 facit
634 2912 776 2966 occidenti.
869 2931 873 2940 ¹

148 2987 173 3039 N
176 3003 206 3039 ec
225 2987 307 3040 semel
324 2985 376 3039 hoe
391 2985 464 3052 fecit,
482 3001 533 3039 nec
550 2987 573 3039 si
590 2989 726 3040 retractus
744 2986 799 3041 erit
811 2987 872 3056 jam

149 3061 212 3113 Fiet
229 3060 307 3112 homo
325 3063 355 3114 et
371 3063 454 3128 ponet
472 3060 591 3114 famosae
609 3061 705 3116 mertis
722 3077 852 3117 amorem.

44 3137 57 3156 ⁶
148 3134 174 3186 N
176 3149 207 3186 ec
225 3133 291 3186 satis
307 3139 421 3202 apparet
437 3151 486 3188 cur
502 3151 597 3190 versus
613 3137 730 3206 factitet,
748 3142 843 3194 utrum
964 3157 1002 3198 lm

149 3207 281 3261 minxerit
297 3207 326 3260 in
343 3209 447 3276 patries
464 3209 577 3278 cineres,
594 3227 630 3265 an
647 3213 730 3267 triste
750 3213 874 3270 bidental
987 3241 990 3246 ¹
