2288 3444
165 175 201 236 'm
428 183 632 234 cremnon
646 183 697 234 Ν.
715 185 754 234 m.

301 265 356 319 Por
373 280 442 334 quus
459 264 588 320 Latinum
604 279 703 318 nomen
721 266 751 320 et
768 263 859 320 ltuioe

301 339 419 394 Crevere
435 335 507 394 vires
523 341 649 408 famaque
667 341 696 392 et
713 338 811 408 imperi

335 414 466 469 Porrecto
482 414 613 482 majestas
630 413 667 467 sd
685 417 762 466 ortus
989 429 1014 474 u

369 489 440 543 Solis
456 487 492 542 ab
510 489 646 558 Hesperio
663 488 753 542 cubili
859 530 863 535 .

300 563 422 618 Custode
438 580 531 618 rerum
549 563 665 618 Caesare
682 579 737 616 non
753 563 830 618 furor

301 637 395 693 Civilis
411 639 460 692 aut
476 637 518 692 vis
535 638 628 706 exiget
644 637 738 704 otium,

333 713 361 766 N
362 729 397 766 on
415 711 457 768 ira
474 728 544 780 quoe
561 711 689 780 procudit
705 727 785 766 enses
861 711 864 720 ’

369 787 408 841 Et
423 786 537 841 miseras
553 787 675 840 inimioot
691 787 781 840 urbes.
988 786 1013 844 st

300 861 327 915 N
328 877 363 915 on
380 861 428 931 qui
444 861 609 930 protundum
626 861 781 915 Danubium
797 861 899 918 bibunt

298 935 398 990 Edicta
413 939 542 1006 rumpent
557 937 577 990 J
579 935 640 1004 ulio,
658 953 712 990 non
730 937 824 1006 Getae,

332 1011 395 1066 Non
414 1010 494 1066 Seres
510 1009 622 1064 infidive
639 1010 764 1079 Persae.
864 1009 866 1013 ’

313 1126 317 1136 .
367 1085 394 1138 N
395 1101 430 1138 on
448 1085 551 1138 Tanain
568 1101 655 1154 prope
671 1085 773 1140 flumen
790 1085 852 1140 orti.

297 1159 411 1228 Nosque
428 1163 457 1214 et
473 1161 601 1228 profestis
617 1160 723 1214 lucibus
740 1163 770 1215 et
787 1161 872 1215 muts
984 1179 1010 1220 m

298 1234 378 1289 Inter
390 1233 478 1301 jocosi
494 1250 608 1288 munere
625 1235 718 1288 Liberi
815 1233 821 1242 '

315 1308 404 1371 .Oum
420 1307 497 1376 prole
513 1309 699 1378 matronisque
716 1309 824 1376 nostris,
866 1313 868 1319 ’

366 1381 431 1436 Rite
448 1383 515 1436 deos
530 1383 607 1451 prius
623 1383 769 1453 appromti,
863 1427 866 1432 .

296 1457 410 1511 Virtute
426 1457 532 1511 iunctos
549 1474 625 1511 more
642 1462 752 1527 potrum
769 1457 853 1514 duees

297 1531 382 1601 Lydis
398 1533 516 1586 remixto
532 1533 650 1586 carmine
667 1532 744 1586 tibiis
982 1550 1007 1594 ω

330 1607 493 1676 rrojamque
510 1611 539 1662 et
558 1608 696 1664 Anchisen
714 1611 744 1674 et
760 1607 849 1662 almae
866 1611 871 1628 ‘

364 1682 527 1751 Progeniem
544 1683 661 1740 Veneris
678 1697 815 1742 uouemus.
