2288 3444
372 251 374 255 ,
425 191 721 243 summanum.
951 196 996 244 me

152 271 227 327 Huic
245 274 268 325 si
284 269 402 324 mutonis
419 270 510 324 verbis
526 271 597 324 mala
613 273 692 326 tanta
708 269 826 324 videntis

152 347 265 400 Diceret
276 345 342 399 haec
353 345 472 399 animus:
485 345 581 409 “Quid
592 346 634 400 vis
644 345 715 400 tibil
730 345 864 414 numquid
875 361 926 414 ego
937 361 954 398 a
965 347 995 399 tc

151 421 254 488 Magno
270 423 432 490 prognatum
450 419 566 488 deposco
583 421 691 474 consule
708 437 825 474 cunnmn
972 435 997 475 ra

152 495 336 564 velatumque
353 495 424 549 stola
438 511 500 548 mee
517 511 578 548 cum
595 495 746 549 conferbuit
762 496 838 550 iral”

153 568 439 639 Quidresponderetl
475 570 490 596 “
497 569 599 637 Magno
615 574 694 638 patre
710 573 776 624 nata
791 570 882 638 puella
898 569 960 624 est.”

153 647 194 698 At
211 648 313 714 quanto
330 645 442 699 meliora
457 648 550 698 monet
566 646 767 714 pugnantiaque
784 645 845 700 istis

153 720 237 773 Dives
254 720 427 789 opisnatura
444 737 516 788 suae,
533 723 565 774 tu
582 721 606 773 si
623 720 703 774 modo
720 724 796 774 recte

104 831 112 844 .
152 795 318 864 Dispensare
334 795 401 850 velis
419 811 451 849 nc
467 811 521 849 non
538 795 668 863 fugienda
683 796 812 864 petendis
849 827 856 838 ·
972 810 996 851 rt

153 871 317 928 immiscere.
352 870 409 924 Tuo
426 870 492 924 vitio
509 887 636 925 rerumne
653 871 760 924 labores

152 945 200 998 Nil
216 946 318 1000 referre
335 946 434 1014 puteal
457 945 560 1010 ¹Quare
576 961 612 998 ne
628 945 767 1012 poeniteat
783 949 831 1020 te,

152 1019 253 1074 Desine
269 1024 407 1075 matronas
425 1020 560 1088 sectarier,
577 1020 651 1074 uude
668 1021 769 1074 laboris

153 1095 218 1149 Plus
235 1095 345 1149 haurire
361 1095 426 1150 meli
443 1099 486 1148 est
502 1111 585 1163 quarn
603 1111 637 1148 ex
654 1111 685 1149 re
703 1095 849 1164 decerpere
866 1095 978 1149 fructus.

151 1170 178 1225 N
180 1187 211 1224 ec
228 1171 313 1240 magis
330 1170 393 1224 huic
410 1170 483 1224 inter
498 1169 591 1223 niveos
608 1169 764 1238 viridesque
781 1171 885 1238 lapillos
971 1187 995 1224 eo

153 1245 206 1312 (Sit
214 1246 345 1312 licet‘hoc,
356 1244 494 1312 Cerintho,
503 1245 590 1310 tuum)
598 1247 723 1298 tenerum
731 1248 774 1298 est
781 1245 870 1298 femur
878 1249 995 1298 anterus

152 1320 271 1389 Rectius,
289 1324 371 1390 atque
389 1320 472 1374 etiam
490 1318 586 1374 melius
602 1335 733 1388 persaepe
750 1322 859 1387 togatae
877 1324 926 1373 est.

151 1395 235 1450 Adde
252 1395 306 1450 hnc
322 1395 396 1464 quod
413 1409 531 1448 mercem
549 1394 606 1448 sine
623 1394 692 1447 fucis
708 1398 807 1462 gestat,
825 1399 920 1464 aperte

152 1470 232 1536 Quod
249 1470 344 1524 venale
361 1469 446 1524 habet
463 1467 591 1534 ostendit,
609 1483 659 1522 nec
676 1467 699 1521 si
717 1469 783 1536 quid
799 1469 906 1524 honesti
923 1473 966 1524 est

151 1547 245 1600 lactat
261 1544 399 1612 habetque
415 1543 512 1612 palam,
531 1543 638 1610 quaerit
654 1559 709 1611 quo
725 1544 817 1612 turpia
834 1544 911 1599 celet.
971 1559 995 1599 er

152 1621 273 1688 Regibus
290 1620 408 1674 hiemes
427 1623 482 1677 est:
499 1618 546 1671 ubi
564 1633 648 1686 equos
666 1621 821 1671 mercantur
838 1622 947 1686 opertos

151 1695 310 1765 Inspiciunt,
329 1711 364 1748 ne
381 1695 405 1746 si
421 1693 505 1747 facies
522 1696 554 1746 ut
571 1709 651 1760 saepe
670 1693 768 1746 decora

150 1771 228 1824 Molli
245 1770 314 1824 fulta
330 1769 402 1838 pede
420 1772 463 1822 est
481 1771 630 1836 emptorem
648 1767 760 1821 inducat
777 1769 905 1834 hiantem,

140 1845 231 1910 *Quod
248 1845 375 1914 pulchrae
392 1844 491 1910 clunes,
503 1843 587 1896 breue
605 1843 678 1910 quod
696 1846 785 1910 caput,
796 1843 882 1896 ardue
895 1843 994 1898 cervix.

151 1919 213 1974 Hoc
230 1921 269 1974 illi
286 1923 377 1974 recte:
394 1935 430 1972 no
446 1917 564 1988 corporis
582 1917 685 1985 optima
702 1917 800 1985 Lyncei
970 1933 994 1972 ao

151 1995 342 2064 Contemplere
358 1994 450 2062 oculis,
468 1993 594 2062 Hypsaea
611 1993 715 2047 caecior
731 1993 779 2047 illa

150 2071 227 2134 Quae
243 2071 315 2124 mala
332 2073 396 2123 suut
413 2071 524 2137 spectes.
560 2067 584 2120 Ο
602 2072 677 2122 crus!
696 2085 712 2122 o
729 2067 853 2124 brachia!
889 2067 994 2123 Verrun

150 2145 281 2215 Depugis,
298 2148 403 2213 nasuta,
420 2143 497 2197 brevi
514 2143 600 2198 latere
619 2159 650 2198 co
667 2143 738 2212 pede
755 2144 835 2212 longo
852 2147 902 2200 est

149 2220 291 2274 Matronae
308 2224 418 2289 praeter
434 2219 529 2273 faciem
546 2218 585 2271 nil
601 2234 713 2272 cernere
729 2219 823 2286 possis,

151 2295 257 2364 Cetera,
273 2296 302 2348 ni
320 2295 399 2349 Catia
412 2298 465 2360 est,
484 2293 600 2346 denrissa
617 2296 694 2346 veste
711 2294 837 2360 tegentis.
972 2309 996 2348 os

150 2370 180 2426 Si
196 2371 342 2425 interdicta
358 2373 443 2440 petcs,
461 2369 531 2422 uallo
548 2368 714 2422 circumdata
732 2371 803 2434 (nom
820 2374 851 2422 te

150 2446 213 2500 Hoc
228 2447 293 2500 facit
309 2445 449 2511 insanum),
467 2443 569 2497 multae
586 2441 638 2496 tibi
655 2445 714 2496 tmn
732 2442 849 2496 officient
866 2459 919 2508 res,

151 2520 291 2589 Custodes,
308 2520 412 2588 lectica,
428 2517 572 2584 ciniflones,
590 2517 732 2585 parasitae,

150 2595 198 2648 Ad
214 2595 284 2650 talos
301 2595 371 2650 stola
388 2594 506 2648 demissa
522 2595 550 2647 et
567 2592 734 2652 circumdata
750 2593 829 2664 pella,

150 2669 271 2724 Plurima
288 2687 358 2739 quae
374 2669 515 2724 invideant
532 2685 601 2738 pure
618 2683 751 2742 apparere
767 2670 819 2724 tibi
837 2687 904 2725 rem.
962 2685 995 2725 roo

150 2745 249 2799 Altera
264 2746 303 2799 nil
321 2745 429 2800 obstat:
447 2744 510 2799 Cois
527 2743 580 2797 tibi
596 2760 682 2813 paene
699 2743 792 2799 uidere
810 2751 854 2800 cst

149 2820 191 2890 Ut
207 2820 316 2892 nudam,
332 2837 368 2874 ne
385 2836 464 2874 crure
481 2820 559 2886 malo,
576 2835 611 2872 ne
629 2819 669 2884 sit·
681 2819 754 2888 pede
771 2821 860 2888 turpi;

149 2894 244 2950 Metiri
261 2896 348 2965 possis
365 2895 441 2949 oculo
457 2895 537 2949 letus.
572 2894 619 2952 An
634 2893 687 2946 tibi
704 2895 790 2948 mavis

150 2970 269 3024 Insidias
285 2970 345 3024 fieri
362 2969 535 3038 pretiumque
553 2967 663 3021 avellier
679 2971 744 3020 ante

149 3044 237 3110 Quam
253 3061 371 3098 mercem
389 3042 512 3096 ostendii
537 3042 690 3107 “Leporem
707 3045 820 3102 venator
834 3047 867 3097 ut
882 3045 938 3099 alta
961 3059 995 3100 ros

148 3119 184 3176 In
201 3121 262 3174 nise
281 3123 407 3184 sectetur,
425 3116 543 3182 positum
561 3114 599 3166 cic
615 3117 729 3180 tangere
747 3117 836 3184 nolit,”

148 3195 250 3252 Centat
267 3201 296 3250 et
312 3192 437 3264 apponit:
455 3189 554 3243 “Meus
571 3191 615 3242 est
631 3204 708 3243 amor
724 3190 787 3245 huic
804 3191 913 3256 similis3
930 3206 994 3244 nam
