2276 3448
150 175 196 224 loo
411 171 565 224 EORATII
581 175 711 224 FLACCI

145 255 256 309 Nodosa
275 247 462 325 cerpusi'nolis
481 239 625 326 prolribere
647 257 785 324 cheragra
882 263 884 268 “

145 329 196 384 list
215 330 333 398 quedam
351 331 462 399 prodire
480 334 561 385 tenus
580 330 603 384 si
621 349 674 385 nen
695 331 778 384 datur
796 331 876 386 111111

146 405 247 459 Fervet
264 407 378 459 avaritia
394 407 548 486 miseroque
566 407 692 474 cupidine
710 409 813 475 pectus,

146 479 216 533 Sunt
232 480 317 534 verbs
333 484 363 534 et
379 479 458 534 voces
476 481 575 549 quibus
592 481 662 534 hunc
680 481 766 534 lenire
784 480 904 536 dolorem

80 563 84 570 '
146 553 237 608 Possis
254 558 284 610 ct
301 570 426 622 magnam
442 552 531 608 morbi
549 555 686 622 deponere
703 558 818 630 partem.
936 575 943 588 ·
967 569 992 612 ss

146 629 248 684 Laudis
264 646 356 684 amore
373 633 471 696 tumes,
489 631 554 684 sunt
542 629 647 683 tcerts
663 617 770 698 piacula
786 646 857 698 quae
874 631 903 686 tc

146 703 199 756 'Per
215 721 283 772 pure
300 704 375 758 lecto
389 707 519 774 poterunt
536 719 660 758 recreare
677 701 777 758 libello.

146 778 264 845 invidus,
282 775 460 847 iracundus,
451 788 531 844 iners
549 779 665 846 vinosus,
683 781 795 847 amator,

145 852 233 907 Nemo
250 853 319 907 adeo
336 854 411 908 ferus
429 857 471 908 est
488 857 520 906 ut
537 869 590 906 non
609 854 752 907 mitescere
769 854 863 922 possit,

145 927 175 980 Si
191 928 272 982 modo
290 928 413 983 culturae
430 928 581 996 patientem
598 929 752 982 commodet
769 945 868 982 eurem.
967 946 992 985 ro

145 1003 241 1058 Virtus
259 1007 302 1058 est
318 1003 414 1058 vitium
431 1004 526 1070 fugere
542 1006 572 1058 et
590 1003 722 1072 sapientia
739 1005 828 1073 prime

145 1077 270 1134 Stultitia
287 1079 412 1134 caruisse.
448 1078 534 1132 Vides
553 1094 623 1146 quae
639 1079 757 1132 maxima
774 1079 863 1132 credis

145 1152 212 1207 Esse
230 1155 308 1222 111111,
326 1155 453 1222 exiguum
471 1169 582 1207 censum
600 1153 764 1222 turpemque
781 1154 925 1223 repulsam,

145 1228 252 1292 Quanto
270 1229 375 1282 devites
392 1228 474 1282 animi
492 1227 642 1296 capitisque
659 1228 759 1302 labore.

144 1302 266 1371 Impiger
283 1308 420 1357 extremos
437 1303 531 1356 curris
541 1307 677 1357 mercator
694 1304 731 1358 od
749 1304 838 1370 Indos
967 1321 991 1361 15

71 1403 74 1410 ·
144 1377 198 1430 Per
214 1395 289 1432 mare
302 1379 464 1446 ,pauperiem
481 1377 595 1445 fugiens,
613 1395 664 1446 per
681 1395 753 1446 saxa,
771 1395 822 1448 per
838 1383 931 1448 ignes:

143 1451 170 1505 N
172 1469 187 1506 1
205 1469 282 1507 cures
300 1469 420 1522 eaquae
438 1453 522 1506 stulte
539 1454 648 1506 miraris
666 1457 695 1508 et
713 1457 791 1522 optas

143 1526 262 1594 Discere,
279 1532 308 1582 et
325 1528 427 1596 audire,
446 1532 476 1582 et
493 1528 598 1581 meliori
615 1528 728 1582 credere
744 1545 798 1582 non
816 1530 875 1586 visl

143 1601 209 1666 Quis
227 1603 326 1656 circum
344 1621 426 1673 pagos
444 1607 474 1658 et
491 1603 592 1657 circum
610 1604 728 1673 compita
744 1621 855 1673 pugnax

141 1674 242 1746 Magna
260 1680 380 1733 coronari
398 1682 553 1733 contemnet
571 1678 703 1748 Olympia,
720 1680 764 1734 cni
782 1695 853 1749 spes,
965 1697 991 1738 oo

142 1753 192 1806 Cui
210 1754 247 1808 sit
264 1753 384 1808 conditio
402 1753 489 1807 dulcis
506 1754 564 1808 sinc
581 1754 694 1822 pulvere
710 1755 832 1824 palmael

141 1826 231 1882 Vilius
249 1833 391 1896 argentum
410 1832 452 1882 est
470 1844 543 1896 auro,
560 1829 709 1883 virtutibus
726 1847 830 1884 aurum.

141 1902 183 1954 “0
202 1903 282 1972 cives,
300 1904 380 1971 cives,
398 1904 560 1972 quaerenda
571 1904 819 1974 pecunia‘primum
837 1910 895 1971 cst;

140 1977 237 2032 Virtus
254 1982 317 2047 post
333 1979 478 2032 nummos.'’
515 1979 593 2032 Haec
610 1979 698 2034 Janus
716 1997 837 2034 summus
855 1981 891 2034 ab
908 1981 965 2036 imo

140 2053 282 2121 Perdocet‚
300 2053 372 2107 haec
385 2054 510 2107 recinunt
524 2053 640 2122 juvenes
658 2055 762 2109 dictata
779 2071 920 2126 senesque,
964 2073 988 2111 11

139 2128 229 2182 Laevo
247 2129 371 2197 suspensi
388 2129 489 2182 loculos
506 2128 682 2197 tabulamque
699 2129 806 2184 lacerto.

139 2203 190 2258 Est
207 2203 312 2256 animus
328 2203 388 2269 tibi,
407 2204 472 2257 sunt
488 2220 578 2258 mores
595 2207 625 2258 et
642 2205 734 2272 lingua
751 2205 889 2274 fidesque;
980 2227 982 2234 ·

139 2278 194 2332 Sed
211 2278 419 2366 quadringentis
436 2295 484 2334 sex
503 2283 608 2346 septem
625 2280 700 2334 milia
717 2280 887 2348 desunt,

138 2353 299 2408 Plebseris.
334 2354 916 2425 11111111111111111111,“11111111”1111111,

138 2423 807 2498 111111111111111111111111111110,
963 2449 988 2486 co

138 2504 185 2558 Nil
202 2505 322 2558 conscire
341 2505 399 2572 sibi,
417 2507 492 2558 nulla
509 2505 658 2573 pallescere
676 2506 761 2574 culpa

138 2579 242 2647 Roscia,
260 2579 304 2632 dic
319 2579 409 2645 sodes,
427 2580 523 2633 melier
541 2580 585 2632 lex
603 2597 638 2632 en
655 2596 802 2648 puerorum
820 2585 863 2636 est

137 2652 233 2720 Nenia,
251 2670 321 2722 quae
338 2670 451 2720 regnum
469 2656 544 2707 recte
562 2654 725 2708 facientibus
743 2656 830 2724 offert,

137 2728 174 2781 Et
191 2727 310 2780 maribus
329 2727 418 2780 Curiis
436 2731 466 2781 et
483 2728 635 2796 decantata
646 2729 784 2784 Camillisl

137 2800 201 2854 Isne
218 2801 270 2855 tibi
287 2801 385 2854 melius
403 2802 501 2856 suadet
518 2803 566 2871 qui
584 2820 642 2856 rem
659 2804 749 2870 facias,
767 2821 833 2872 rem,
961 2823 986 2862 oe

137 2876 166 2928 lli
183 2877 269 2944 possis
286 2879 368 2943 recte,
386 2876 409 2928 si
427 2893 480 2929 non
498 2893 659 2946 quocunque
676 2880 758 2932 modo
775 2897 841 2946 rem,

139 2949 177 3002 Ut
193 2951 303 3018 propius
322 2954 428 3019 spectes
445 2951 588 3006 lacrimosa
604 2957 731 3021 poemate
749 2953 828 3022 Pupi,

137 3024 183 3076 An
200 3024 247 3090 qui
265 3023 402 3079 Fortunae
419 3030 448 3080 te
465 3043 625 3095 responsare
644 3028 777 3095 superbae

138 3095 312 3150 Liberunrt
283 3101 312 3150 et
329 3104 451 3153 erectum
468 3117 596 3170 praesens
614 3101 741 3154 hortatur
758 3107 788 3156 et
805 3107 940 3171 aptati

137 3169 239 3233 Quodsi
256 3185 300 3223 me
317 3173 433 3240 populus
452 3173 590 3228 Romanus
607 3175 678 3228 forte
695 3179 782 3244 roget,
800 3193 850 3230 cur
961 3197 985 3237 ro
