2276 3448
151 149 197 198 176
422 147 575 196 HORA'I'II
592 148 721 198 FLACCI

150 225 300 282 Mutandus
317 225 392 281 locus
409 231 452 281 est
468 231 498 300 ot
514 227 670 282 deversoria
686 231 752 283 nota
971 247 994 288 u

150 301 386 370 Praetemgendus
398 319 491 371 equus.
518 304 598 368 “Quo
608 304 717 358 tendisl
738 303 801 356 Non
813 304 880 358 mihi
892 305 994 361 Cumas
1102 335 1113 356 .

151 378 201 431 list
218 378 272 430 iter
289 381 337 430 aut
354 377 457 446 Baias‚''
474 377 551 432 laeva
568 377 752 434 stomachosus
769 377 877 432 habena

151 451 232 506 Dicet
249 469 348 520 eques;
365 453 414 508 sed
431 452 494 522 equi
512 453 619 508 frenato
636 457 680 508 est
695 455 769 508 auris
785 455 815 507 in
832 455 895 520 ore.)

151 526 240 594 Major
256 531 349 582 utrum
366 528 495 596 populum
511 527 642 583 frumenti
659 529 736 597 copia
752 526 861 598 piscat3

151 602 318 657 collectosne
335 601 431 656 bibant
447 602 549 655 imbres
566 606 698 670 puteosne
715 618 850 671 perennes
973 618 997 658 ro

151 677 232 745 Jugls
249 693 348 746 equae;
367 679 438 744 (nam
455 677 518 730 rina
534 677 602 730 nihil
618 693 709 730 moror
726 677 798 730 illius
815 693 893 742 orae;

152 752 227 806 Rure
243 769 431 828 meoypossum
448 751 556 820 quidvis
572 753 694 820 perferre
711 753 830 820 patique,

152 827 200 880 Ad
216 843 291 881 mare
308 844 369 881 eum
386 827 448 881 veui
464 843 625 896 generosum
643 831 672 880 et
689 827 750 880 lene
766 827 883 894 requiro,

152 902 232 965 Quod
249 918 327 956 curas
344 901 443 970 abigat,
462 902 536 971 quod
553 918 614 955 cum
632 919 680 971 spe
699 902 784 955 divite
800 905 893 955 manet

153 976 188 1029 Iu
205 993 287 1030 venas
304 977 477 1046 animumque
494 993 592 1042 meum,
610 976 684 1046 quod
700 976 783 1030 rerba
799 976 943 1042 ministret,
971 990 996 1030 aa

153 1052 233 1115 Quod
249 1069 294 1106 me
311 1052 434 1106 Lucanae
447 1053 575 1120 juvenem
593 1051 764 1104 commendet
780 1049 917 1120 amicael

153 1127 266 1181 Tractus
283 1131 346 1181 uter
362 1127 453 1196 plures
470 1127 584 1195 lepores,
601 1130 665 1180 uter
682 1125 782 1180 educet
799 1143 887 1196 apros,

153 1202 225 1256 Utro
241 1203 327 1270 magis
344 1203 430 1270 pisces
448 1205 477 1254 et
494 1201 601 1254 echinos
619 1216 738 1268 aequora
754 1201 851 1269 celent,
880 1225 881 1230 ¹

153 1277 265 1344 Pinguis
282 1281 315 1330 ut
330 1276 395 1329 inde
413 1277 523 1328 domum
540 1275 640 1343 possim
659 1275 822 1346 Phaeaxque
838 1276 949 1342 reverti,
1055 1321 1059 1328 .

153 1352 277 1410 Scribere
294 1355 323 1404 te
341 1350 424 1414 nobis
441 1350 492 1403 tibi
509 1366 559 1402 nos
576 1349 720 1404 accredere
737 1367 788 1418 par
805 1354 855 1405 est.
973 1364 998 1405 as

153 1426 285 1493 Maenius,
302 1429 335 1479 ut
351 1425 433 1477 rebus
451 1424 581 1477 maternis
598 1427 682 1493 atque
698 1425 821 1493 paterms

154 1501 275 1555 Fortiter
291 1500 443 1568 absumptis
459 1498 579 1552 urbanus
596 1499 686 1568 coepit
703 1499 806 1566 haberi,

153 1576 259 1630 Scurra
267 1592 351 1643 vagus
368 1591 422 1628 non
439 1574 486 1642 qui
503 1577 607 1627 certum
624 1589 757 1642 praesepe
777 1577 892 1642 teneret,

130 1658 135 1666 '
154 1651 312 1720 impransus
329 1667 383 1703 nou
400 1649 447 1718 qui
465 1649 550 1702 civem
568 1649 722 1703 dinosceret
739 1649 825 1716 hoste,

155 1725 297 1790 Quaelibet
314 1725 343 1778 in
361 1723 483 1793 quemvis
500 1723 645 1792 opprobria
662 1724 766 1792 fingere
784 1739 887 1792 seeum
975 1740 1000 1778 aa

154 1800 291 1854 Pernicies
307 1803 337 1853 et
353 1801 501 1867 tempestas
518 1797 730 1867 barathrumque
747 1799 861 1867 macelli,

154 1869 294 1943 Quidquid
312 1873 465 1943 quaesierat
482 1873 572 1926 ventri
590 1873 710 1926 donabat
729 1889 817 1927 avaro.
870 1910 875 1918 ,

155 1949 209 2002 Hic
225 1949 273 2002 ubi
290 1943 428 2018 nequitiae
444 1947 597 2001 fautoribus
614 1952 644 2002 et
662 1947 766 2002 timidis
782 1941 821 2000 uil

155 2025 214 2078 Aut
231 2021 341 2092 paulum
358 2021 510 2076 abstulerat
526 2022 633 2089 patinas
650 2022 784 2076 coenabat
800 2022 894 2076 ommi.

53 2123 55 2130 v
154 2094 225 2150 Vilis
242 2099 271 2160 et
289 2097 410 2163 agninae,
428 2095 517 2149 tribus
534 2097 605 2150 ursis
623 2097 697 2164 quod
716 2097 782 2150 satis
799 2102 887 2160 esset;
977 2111 1001 2150 so

155 2171 263 2225 Scilicet
279 2175 312 2224 ut
329 2173 438 2224 ventres
455 2169 545 2222 lamna
561 2171 843 2245 candente-nopotum

155 2247 266 2300 Diceret
282 2243 408 2309 urendos,
427 2248 564 2298 corrector
581 2244 698 2300 Bestius.
736 2245 816 2299 Idem

156 2319 296 2389 Quidquid
312 2322 373 2372 erat
389 2321 484 2371 nactus
501 2318 622 2387 praedae
639 2319 751 2386 majoris
767 2319 815 2373 ubi
833 2315 913 2373 omne

155 2396 285 2449 Verterat
301 2391 332 2446 iu
346 2393 451 2446 fumum
468 2393 640 2460 etcinerem,
664 2394 708 2446 “N
712 2411 747 2446 ou
764 2393 875 2447 hercule
892 2393 999 2459 nriror,”

156 2469 264 2537 Aiebat,
283 2467 324 2522 “si
342 2467 389 2536 qui
407 2467 553 2520 comedunt
569 2467 648 2532 bona,
665 2483 727 2520 cum
746 2467 783 2521 sit
800 2467 882 2520 obeso
977 2483 1002 2520 so

156 2546 202 2598 Nil
219 2544 315 2599 melius
331 2541 422 2609 turdo,
439 2542 477 2594 uil
494 2542 575 2595 vulva
591 2542 730 2610 pulchrius
747 2542 858 2610 ampla”

155 2620 181 2672 N
183 2619 291 2672 imirum
307 2616 351 2670 hic
368 2632 419 2683 ego
437 2631 511 2680 sum;
528 2631 591 2668 nam
608 2619 670 2670 tuta
686 2621 716 2670 et
732 2617 846 2686 parvula
861 2598 943 2670 ideo

43 2759 45 2763 ,
156 2693 225 2746 Cum
241 2708 286 2746 res
304 2691 441 2756 deficiunt,
460 2689 526 2741 satis
543 2689 616 2742 inter
632 2690 695 2744 vilia
711 2691 806 2754 fortis;

156 2767 260 2820 Verum
276 2765 324 2818 ubi
341 2763 408 2833 quid
425 2763 521 2815 melius
539 2764 673 2832 contingit
690 2770 719 2819 et
736 2766 844 2818 unctius
861 2765 935 2820 idem

156 2841 213 2892 Vos
231 2857 326 2910 sapere
345 2843 374 2892 et
391 2837 461 2890 solos
479 2837 521 2890 aio
539 2837 609 2892 bene
626 2840 725 2907 rivere,
744 2857 870 2908 quorum.
978 2853 1004 2895 ⁴⁵

157 2914 328 2983 Conspicitur
344 2911 439 2992 nitidis
456 2911 570 2966 fundata
587 2915 701 2982 pecunia
718 2914 796 2968 villis.
