2276 3448
150 178 196 226 19⁰
396 205 399 242 7
420 177 572 226 HORATII
588 171 718 226 FLACCI

146 252 240 312 Dente
256 256 389 320 lacessiti;
411 257 465 310 fuit
481 255 593 311 intactis
608 273 718 326 quoque
740 256 810 311 cura¹
868 273 872 278 ’

147 331 310 385 Conditiono
329 347 410 400 super
427 333 579 398 communi;
606 331 773 402 quinetiam
791 334 855 390 lox.
996 384 998 387 .

144 399 294 474 Poenaque
311 406 368 459 lata
385 407 456 460 malo
474 421 545 475 quae
562 406 648 460 nollet
665 408 784 460 carmine
802 423 968 477 quemquam
1069 413 1070 422 ’

147 478 287 547 Describi;
310 484 428 534 vertere·
436 482 553 545 modum,
571 481 716 534 formidine
733 481 815 535 fustis

148 555 195 608 Ad
212 555 284 610 bene
302 555 448 610 dicendum
466 556 711 624 delectandumque
729 556 841 612 redacti.
961 574 995 616 itt

146 629 261 684 Graecia
278 635 359 699 capta
374 631 463 684 ferum
481 632 611 685 victorem
629 631 702 698 cepit
719 634 749 684 ot
766 635 840 685 artes
870 637 873 644 “

147 704 247 759 Intulit
263 705 365 773 agresti
383 705 478 771 Latio;
502 706 541 760 sio
558 705 685 759 horridus
702 705 750 760 ille

145 778 269 834 Deduxit
286 797 415 834 numerus
433 779 578 835 Saturnius
596 785 625 836 et
643 797 727 848 grave
744 781 818 835 virus

145 854 301 910 Munditias
316 857 463 924 pepulerc;
487 857 540 928 sod
552 857 582 910 iu
599 855 708 923 longum
726 859 819 909 tamen
836 872 932 910 aevum
1014 875 1017 880 ·

145 929 306 985 Manseruut
324 930 459 1000 hodieque
476 931 719 998 manarit.vestigia
735 931 812 984 iuris.
958 947 992 988 iao

145 1005 228 1060 Serus
245 1007 318 1060 enim
336 1006 448 1060 Graecis
465 1007 586 1060 admovit
603 1005 726 1059 acumina
743 1006 851 1075 chartis,

145 1079 261 1150 etpost
280 1081 381 1142 Punica
398 1081 470 1136 bella
487 1081 595 1150 quietus
613 1095 744 1154 quaerero
763 1083 852 1150 coepit

145 1155 219 1220 Quid
237 1157 383 1227 Sophocles
400 1160 430 1211 et
442 1157 555 1225 Thespis
573 1159 603 1218 et
616 1155 766 1225 Aeschylus
782 1157 850 1210 utile
868 1156 981 1215 ferrent

144 1231 270 1286 lentavit
287 1248 396 1300 quoquo
412 1247 478 1299 rem,
496 1231 520 1283 si
536 1229 618 1296 digno
635 1227 744 1284 vertere
761 1236 860 1300 posset,
995 1283 997 1286 .

144 1305 181 1360 Et
197 1307 299 1374 placuit
317 1307 377 1374 sibi,
394 1310 493 1359 natura
511 1303 633 1358 sublimis
650 1309 681 1359 et
697 1318 775 1372 acer·;
955 1323 990 1364 roa

144 1381 168 1434 N
172 1397 216 1434 am
235 1382 322 1450 spirat
338 1381 473 1448 tragicum
491 1380 559 1434 satis
576 1383 606 1433 et
621 1379 738 1434 feliciter
756 1381 845 1450 audet,

117 1479 120 1484 ·
144 1456 205 1509 Sed
218 1459 327 1525 turpem
345 1459 425 1524 putat
442 1453 540 1508 inscite
557 1455 711 1524 metuitque
729 1455 846 1510 lituram

143 1531 273 1586 Creditur
290 1547 325 1585 ex
342 1530 433 1584 medio
451 1530 577 1598 quiares
593 1531 706 1584 arcessit
719 1530 825 1604 ¹habere
874 1543 878 1552 ·
908 1561 910 1571 ‹

143 1607 257 1662 Sudoris
273 1607 422 1673 minimum,
441 1605 491 1659 sed
502 1603 593 1658 habet
610 1605 749 1658 comoedia
765 1609 843 1660 tanto

144 1683 210 1737 Plus
220 1683 309 1752 operis
322 1685 423 1750 quanto
435 1680 531 1734 veniae
541 1680 637 1734 minus.
669 1680 798 1748 Adspice,
811 1680 926 1735 Plautus
954 1696 989 1736 uo

144 1757 204 1821 Quo
221 1761 301 1827 pacto
318 1759 412 1826 partes
430 1759 538 1810 tutetur
555 1755 671 1808 amantis
689 1755 794 1825 ephebi,

143 1833 184 1886 Ut
200 1834 286 1900 patris
303 1831 411 1904 attenti,
429 1831 533 1884 lenonis
550 1834 583 1885 ut
599 1829 736 1896 insidiosi;
830 1875 833 1882 Δ

144 1904 267 1970 Quantus
284 1907 321 1961 sit
338 1906 496 1959 Dossennus
514 1904 644 1959 edacibus
660 1905 839 1975 iri-parasitis,

143 1983 231 2046 Quam
247 1999 301 2035 non
319 1980 450 2034 adstricto
467 1985 610 2050 percurrat
627 1981 733 2050 pulpita
750 1997 841 2047 socoo;

143 2057 233 2110 Gestit
245 2057 316 2110 enim
327 2071 468 2109 nummum
479 2057 507 2108 in
518 2055 619 2110 loculos
632 2057 785 2123 demittere,
798 2059 862 2124 post
874 2055 926 2110 hoc
953 2071 994 2112 ita

143 2133 259 2186 Securus
276 2131 357 2184 cadat
374 2147 410 2184 au
427 2134 503 2184 recto
521 2133 577 2185 stet
594 2131 686 2186 fabula
702 2131 766 2186 talo.

144 2209 230 2272 Quom
247 2206 311 2260 tulit
328 2205 365 2259 ad
382 2221 491 2280 scenam
506 2209 619 2260 ventoso
638 2207 731 2260 Gloria
748 2223 829 2261 curru

142 2283 287 2337 Exanimat
304 2281 394 2336 lentus
408 2283 558 2349 spectator,
577 2281 691 2335 sedulus
705 2281 800 2336 inflat:

142 2359 187 2413 Sic
204 2359 272 2427 leve,
291 2359 329 2412 sic
345 2371 459 2428 parvum
477 2359 527 2424 est,
545 2355 664 2410 animum
682 2357 756 2426 quod
772 2357 860 2412 laudis
874 2373 992 2418 avarum,

131 2435 255 2497 ‚Subruit
272 2437 321 2488 aut
337 2431 433 2486 reiicit.
468 2431 568 2491 Valeat
586 2448 629 2486 rea
647 2431 751 2486 ludicra
768 2433 791 2486 si
808 2449 853 2486 me
878 2481 881 2488 ,
952 2446 986 2486 leo

142 2509 237 2564 Palma
253 2511 352 2576 negata
368 2523 497 2574 macrum,
515 2505 616 2560 donata
633 2506 740 2561 reducit
757 2507 884 2576 opimum.
941 2541 945 2551 ·

141 2585 228 2654 Saepo
245 2584 329 2638 etiam
346 2582 476 2635 audacem
494 2581 571 2648 fugat
589 2580 640 2634 hoc
657 2585 799 2650 terretque
816 2587 934 2651 poetam,

141 2660 221 2723 Quod
238 2673 350 2712 numero
366 2656 466 2724 plures,
485 2655 587 2709 virtute
604 2659 634 2709 et
651 2656 752 2710 honore
769 2657 895 2725 minores,

141 2734 249 2787 indocti
266 2731 420 2798 stolidique,
438 2735 467 2783 et
485 2730 641 2798 depugnare
659 2732 749 2800 parati

140 2808 170 2860 Si
188 2807 327 2860 discordet
344 2821 435 2872 eques,
453 2804 544 2856 media
561 2805 635 2858 inter
651 2807 772 2860 carmina
788 2811 904 2875 poscunt
953 2822 987 2862 rea

140 2883 199 2934 Aut
215 2897 310 2934 ursum
327 2883 374 2932 aut
391 2879 511 2948 pugiles3
534 2878 577 2932 his
594 2895 657 2934 uam
674 2880 817 2948 plebecula
833 2882 947 2950 plaudit.

140 2955 243 3006 Verum
261 2955 362 3022 equitis
380 2970 487 3022 quoque
501 2953 561 3022 jam
578 2955 706 3022 migravit
723 2955 758 3010 ab
776 2973 842 3011 aure
860 2958 987 3027 voluptas

139 3028 234 3078 Omnis
251 3028 288 3086 ad
305 3029 422 3082 incertos
440 3029 529 3082 oculos
547 3032 576 3082 ct
593 3029 694 3096 gaudia
711 3047 789 3086 vana.

139 3099 275 3162 Quattuor
292 3105 340 3153 aut
357 3102 449 3167 plures
467 3104 561 3156 aulaea
577 3108 739 3170 premuntur
756 3106 785 3160 in
802 3107 891 3175 horas,

138 3172 211 3226 Dum
222 3172 331 3238 fugiunt
342 3175 465 3240 equitum
476 3179 583 3230 turmae
593 3177 774 3246 peditumque
785 3185 927 3246 catervam
952 3197 988 3244 iou
