2288 3444
121 161 154 210 oa

387 147 542 198 HORATII
558 145 688 196 FLAOOI

220 229 314 298 Qualis
332 228 482 297 Lycambae
500 229 610 294 spretus
625 223 710 279 infido
726 241 810 293 gener

255 307 314 360 Ant
331 321 393 357 acer
410 303 496 356 hostis
514 300 626 369 Bupalo.

175 381 268 446 ‚An
287 379 310 432 si
329 379 390 447 quis
408 382 468 432 atro
487 377 571 432 dente
591 391 636 432 me
653 374 783 446 petiverit
862 408 864 412 ·
942 392 967 432 m

256 453 365 508 Inultns
384 456 417 507 ut
435 452 505 508 flebo
525 453 613 522 pueri

224 678 292 746 Quo,
311 693 365 748 qno
384 675 491 732 eoelesti
511 594 611 731 XuitIisi
629 677 678 729 aut
696 690 745 728 eur
764 672 886 729 dexteris

258 753 399 821 Aptantur
419 760 497 806 enses
517 751 656 806 eonditii‘
839 785 841 790 -

224 827 359 886 Parumne
377 826 479 895 eampis
494 829 577 895 atque
596 825 727 894 Neptuno
748 839 830 894 snper
876 893 883 906 1

258 901 360 956 Fusum
377 904 420 956 est
438 900 530 955 Latini
550 899 696 969 sanguinis,

225 976 289 1034 Non
307 980 340 1032 ut
356 975 488 1046 superbos
505 975 614 1030 invidae
634 974 813 1044 Karthaginis
954 978 970 1032 't

259 1050 396 1106 &manus
414 1067 490 1106 areos
508 1054 609 1119 ureret,
649 1097 653 1102 .

224 1125 348 1182 Intactas
365 1129 414 1182 aut
431 1126 580 1180 Britannus
597 1128 630 1180 ut
649 1124 829 1179 descenderet

257 1200 340 1255 Sacra
359 1203 500 1255 oetenatus
518 1200 569 1268 vie,
614 1225 622 1250 ·.

224 1273 281 1330 Sed
298 1278 332 1329 ut
350 1275 499 1328 seeundum
517 1279 581 1329 vota
601 1274 764 1330 Parthorum
782 1289 831 1328 sua

259 1348 334 1404 Urbs
354 1349 422 1402 haee
438 1350 543 1417 periret
560 1349 695 1404 dextera?
950 1362 971 1402 ro

224 1423 322 1492 Neque
339 1423 384 1478 hio
401 1424 473 1493 lupis
491 1441 550 1480 mos
569 1441 620 1480 neo
637 1425 691 1478 fuit
707 1423 831 1479 leonibus

238 1495 242 1501 ’
259 1498 389 1566 Unquam
408 1499 461 1552 nisi
479 1499 508 1552 in
527 1499 711 1568 dispersoris
745 1535 749 1538 -

226 1573 350 1628 Furorne
368 1588 470 1641 osseus,
488 1590 524 1630 an
541 1575 615 1644 rapit
632 1575 674 1630 vis
692 1573 787 1639 aerior,

259 1649 305 1702 An
324 1649 421 1718 culpat
459 1649 629 1719 Responsum
649 1650 722 1705 dato.

104 1779 109 1783 ,
226 1722 328 1778 Tacent
345 1727 375 1779 et
392 1724 470 1780 albus
489 1741 537 1780 ora
554 1725 641 1794 pallor
657 1725 745 1780 inficit
948 1736 972 1776 m

262 1797 425 1868 Montesque
443 1801 583 1868 perculsae
603 1804 723 1870 stupent.

226 1872 271 1928 Sic
290 1876 349 1928 est:
369 1874 468 1928 aoerba
484 1875 542 1930 fata
560 1875 697 1928 Romanos
714 1877 800 1942 agunt

260 1947 407 2016 Soelusque
424 1948 563 2004 fraternae
580 1950 662 2017 neeis,

135 1993 137 2003 ’
169 2041 170 2044 ¹
227 2021 268 2076 oa
284 2022 550 2080 ammonianum
568 2025 597 2079 n
615 2028 719 2079 arram
737 2022 817 2078 ueni

260 2095 343 2150 Sacer
359 2098 503 2167 nepotibus
518 2116 606 2156 eruor.

227 2320 344 2374 Maian
364 2319 446 2387 longo
462 2239 594 2389 pufiiglalmL
605 2324 635 2376 te
653 2321 750 2391 seorrlo,

260 2395 341 2448 Vires
360 2395 427 2464 quid
446 2401 558 2450 enervet
569 2402 667 2456 meas!

226 2469 295 2526 (ium
315 2471 351 2524 sit
368 2470 420 2524 tibi
438 2471 506 2526 dens
524 2476 585 2528 ator
602 2476 632 2526 ot
649 2472 724 2541 rugis
743 2474 824 2526 vetus

261 2546 391 2598 Frontem
410 2551 535 2601 senectus
553 2552 655 2614 exaret,

226 2619 349 2688 Hietqne
368 2621 458 2688 turpis
475 2621 548 2676 inter
567 2623 659 2677 aridas
676 2625 755 2677 nates
961 2634 975 2676 s

146 2695 153 2708 '
261 2695 356 2746 Podex
376 2695 452 2748 velut
471 2697 572 2750 crudae
590 2698 675 2752 bovis.

228 2767 284 2821 Sed
302 2767 399 2823 incitat
417 2785 462 2822 mo
480 2774 575 2836 peetus
596 2774 625 2826 et
642 2788 776 2826 mammae
793 2773 897 2841 putres,

263 2842 370 2910 Equina
391 2843 485 2911 quales
504 2844 597 2915 ubera,

230 2912 388 2985 venterque
406 2918 495 2971 mollis
514 2922 543 2972 et
560 2920 649 2973 femur
666 2921 834 2976 tumentibus

141 3027 146 3048 .,
208 3045 212 3051 ,
265 2990 343 3044 Exile
363 2993 433 3045 suris
452 2993 585 3049 additum.
951 3007 977 3048 ¹⁰

138 3110 139 3114 ,
232 3061 299 3120 Esto
317 3063 406 3132 beata,
424 3067 506 3122 finam
525 3071 608 3138 atque
626 3068 759 3136 imagines

266 3134 374 3191 Ducant
391 3139 570 3208 triumphales
586 3144 672 3209 tunm,
