2288 3444
425 201 638 252 SATIRARUM
654 203 692 254 ΙΙ.
711 197 751 254 2.·“
902 200 904 203 ’
956 204 1002 252 lte

158 278 231 345 Quin
247 278 295 334 ubi
314 287 343 334 se'
360 281 473 348 evulgo
491 285 520 335 et
538 298 616 336 scena
632 283 661 336 in
679 287 784 338 secrete
800 287 938 338 remorant

158 355 256 408 Virtus
274 355 414 423 Scipiadae
432 360 461 409 et
477 356 552 410 mitis
570 358 701 425 sapientia
718 358 801 426 Laeli,

157 429 262 498 Nugari
280 447 341 483 cum
359 431 404 483 illo
418 435 452 506 ¹ct
470 431 593 486 discincti
610 433 706 486 ludere
724 434 810 488 donec

113 501 120 514 '
158 503 364 574 Decoqueretur
383 506 442 559 olus
459 502 538 560 soliti
574 507 714 576 Quidquid
732 525 792 561 sum
809 505 1002 578 ego,'quamvis

158 579 235 633 Infra
252 580 339 634 Lucili
355 596 466 634 censum
483 581 681 649 ingeniumque,
699 587 792 636 tamon
809 599 854 636 nro
978 597 1002 637 re

158 655 226 708 Cum
244 655 349 723 magnis
366 655 466 708 vixisse
483 657 569 709 invite
585 657 717 710 fatebitur
733 674 820 726 nsque

157 723 274 790 Invidia
292 728 322 778 et
337 724 427 791 negti
446 739 578 790 quaerens
596 725 702 778 illidere
718 725 830 780 dentem

157 798 285 852 Offendet
302 798 406 864 solido,
419 799 471 851 nisi
488 799 554 866 qnid
572 802 610 866 tu,
629 799 708 854 docte
726 797 863 866 l¹rcbati,'

156 872 313 930 Dissentis.'’
345 873 502 942 “Equidem
520 873 586 926 nihil
604 874 665 928 hinc
683 875 826 930 diffindere
843 889 961 942 possum.

155 949 212 1002 Sed
229 953 321 1004 tamen
338 951 377 1002 ut
387 949 507 1002 monitus
524 965 626 1014 cavens,
644 965 679 1002 ne
696 951 767 1004 forte
784 949 877 1017 negoti
976 967 1001 1006 eo

156 1025 278 1078 Incutiat
295 1024 347 1078 tibi
365 1023 432 1096 quid
450 1026 604 1086 sanctarum
622 1023 729 1078 inscitia
745 1025 852 1092 legum:

154 1099 184 1154 Si
202 1099 273 1153 rnala
280 1151 283 1156 ,,
290 1099 443 1154 condiderit
460 1097 489 1151 in
506 1114 587 1167 quem
605 1098 666 1167 quis
683 1100 808 1167 carmine,
821 1099 869 1166 jus
886 1103 929 1153 est

154 1174 539 1244 iudiciumque.”‘“1lsto,si
557 1173 618 1241 quis
635 1174 722 1240 male3
746 1174 796 1229 sed
812 1173 883 1228 bona
900 1177 922 1228 si
941 1175 1001 1242 quie

153 1251 173 1303 J
175 1251 255 1305 udice
273 1250 426 1304 condiderit
442 1249 570 1302 laudatus
589 1250 722 1304 Caesarei
740 1243 764 1308 s'i
781 1250 843 1318 quis
855 1249 872 1276 ’·

51 1343 55 1350 ·
153 1326 315 1396 Opprobriis
332 1326 444 1393 dignum
461 1324 608 1392 latraverit,
626 1325 732 1392 integer
749 1325 839 1394 ipsel'¹
978 1341 1002 1380 8⁵
1033 1380 1035 1384 ,

153 1402 324 1456 “Solventur
341 1401 398 1454 risu
414 1399 532 1468 tabulae,
550 1404 582 1453 tu
599 1399 697 1454 missus
715 1399 823 1454 abibis?

472 1599 474 1603 y
555 1541 596 1595 II.

153 1639 235 1702 Qum
252 1634 339 1689 virtus
357 1637 386 1688 et
403 1635 512 1702 quanta,
529 1632 602 1700 boni,
620 1633 657 1687 sit
673 1633 765 1687 rivere
781 1649 864 1702 parvo

152 1713 188 1779 (N
191 1729 222 1765 ec
239 1725 316 1763 meus
333 1709 377 1762 hic
395 1724 483 1774 sermo
501 1713 550 1775 est,
569 1707 618 1762 sed
635 1725 705 1776 quae
722 1709 862 1776 praecepit
880 1707 966 1762 Ofella

153 1785 290 1852 Rusticus,
308 1784 445 1837 abnormis
463 1783 583 1850 sapiens,
595 1799 739 1851 crassaque
757 1783 897 1851 Minerva)

152 1861 263 1926 Discite
281 1875 335 1912 non
352 1859 424 1912 inter
441 1858 530 1911 lances
548 1873 710 1925 mensasque
727 1859 847 1912 nitentes

153 1937 223 1990 Cum
241 1937 334 2002 stupet
351 1933 451 1986 insanis
469 1933 540 1985 acies
557 1933 707 2000 fulgoribus
725 1937 754 1986 et
771 1949 841 1986 curnv
989 1947 1004 1984 s.

152 2010 274 2064 Acclinis
287 2007 368 2061 'falsis
386 2007 491 2060 animus
508 2008 620 2061 meliora
637 2011 752 2075 recusat,
820 2013 825 2024 '

152 2087 258 2140 Verum
275 2083 319 2137 hic
336 2083 466 2156 imprqnsi
483 2099 588 2136 mecum
606 2083 757 2150 disquirite.
793 2081 849 2137 Gur
865 2083 935 2139 hoel

152 2160 249 2216 Dicam
267 2159 292 2212 si
308 2161 410 2226 potero.
446 2157 519 2211 Male
536 2174 630 2211 verum
648 2159 785 2212 examinet
802 2159 889 2212 omnis

148 2237 305 2304 'Corruptus
319 2233 414 2302 judex.
449 2232 582 2301 Leporem
601 2237 720 2287 sectatus
737 2250 841 2302 equove

152 2313 253 2365 Lassus
270 2309 305 2364 ab
323 2308 464 2375 indomito,
477 2308 525 2362 rvel
544 2309 566 2361 si
586 2309 709 2362 Romana
725 2309 823 2380 fatiget
980 2324 1000 2363 n

152 2387 254 2440 Militis
272 2387 411 2439 assuetum
428 2385 557 2452 graecari,
575 2399 622 2436 seu
639 2383 696 2450 pila
712 2383 790 2436 velox

152 2462 273 2514 Molliter
291 2464 430 2514 austerum
448 2459 538 2512 studio
555 2458 666 2511 fallente
683 2457 811 2523 laborem,

152 2540 208 2590 Seu
225 2541 254 2590 te
272 2535 362 2588 discus
379 2535 444 2602 agit,
460 2537 525 2602 pete
543 2533 684 2586 cedentem
702 2537 766 2585 adro
782 2532 871 2604 disc03

152 2612 223 2664 (lum
242 2611 319 2664 labor
336 2609 478 2662 extuderit
495 2608 612 2674 fastidis,
632 2607 724 2674 siccus,
742 2607 829 2660 inanis

151 2687 256 2756 Sperne
273 2685 364 2738 eibum
380 2684 478 2748 rilem;
500 2683 551 2738 nisi
571 2683 809 2750 Hymettia'mella
828 2681 942 2736 Falerno
978 2694 999 2736 rs

151 2761 195 2815 Ne
214 2759 317 2814 biberis
334 2759 428 2813 diluta.
464 2759 543 2812 Foris
561 2763 604 2813 est
621 2775 731 2827 promus
748 2761 778 2812 et
795 2761 885 2811 atrum

151 2835 310 2889 Defendens
327 2835 415 2902 pisces
432 2833 536 2887 hiemat
553 2851 644 2888 mare:
661 2849 723 2886 cum
741 2833 797 2886 sale
814 2831 893 2901 panis
961 2883 963 2886 .

151 2911 312 2964 Latrantem
331 2908 500 2962 stomachum
518 2908 588 2960 bene
606 2908 696 2962 leniet.
731 2907 813 2968 Unde
832 2909 913 2972 putas
933 2909 982 2960 aut

151 2985 204 3049 Qui
223 2985 353 3054 partuml
389 2983 452 3036 Non
469 2982 504 3048 in,
515 2997 578 3034 caro
595 2981 691 3034 nidore
708 2981 833 3048 voluptas

151 3064 265 3114 Summa
283 3059 332 3113 sed
349 3059 379 3110 in
396 3061 425 3110 te
442 3057 501 3124 ipso
518 3060 567 3108 est.
603 3055 644 3107 'ru
660 3055 840 3124 pulmentaria
858 3072 958 3122 quucre
974 3070 999 3108 ro

151 3135 301 3200 Sudund03
320 3133 451 3202 pinguem
467 3130 542 3184 vitiis
559 3129 704 3196 albumque
722 3125 811 3196 neque
829 3137 920 3182 ostrea

149 3209 177 3265 N
178 3225 211 3264 ec
228 3225 320 3263 scarus
338 3213 385 3260 aut
402 3204 504 3273 poterit
521 3203 666 3272 peregrina
678 3202 776 3270 juvare
793 3203 885 3270 lagois.
