2276 3448
306 239 308 244 .
376 195 647 246 'EPISTOLARUM
663 197 700 245 11.
719 197 743 246 2.
942 195 986 246 197

142 275 290 346 Quaedam,
308 277 331 332 si
348 277 438 332 credis
455 276 591 343 consultis,
609 276 744 344 mancipat
761 291 841 340 usus3

142 351 195 415 Qui
212 355 242 406 te
259 353 345 421 pascit
362 369 428 420 ager
444 355 509 406 tuus
526 355 576 418 est,
595 353 625 405 et
642 351 746 405 villicus
765 349 841 417 Orbi,
954 362 987 402 roo

142 426 211 480 Cum
229 431 336 494 segetes
354 431 430 481 occat
447 426 499 480 tibi
516 443 580 480 mor
597 427 735 480 frumenta
752 425 872 491 daturas,

142 501 181 554 Te
198 501 336 555 dominum
351 503 441 556 sentit.
476 502 533 556 Das
550 499 796 570 nummos,·aecipis
813 516 901 566 uvam,

143 575 248 644 Pullos,
260 593 317 645 ova,
334 577 431 630 cadum
449 577 558 631 temeti:
576 591 675 644 nempe
692 575 773 628 modo
790 575 843 630 isto

143 650 278 705 Paulatim
295 653 424 707 merearis
441 669 536 720 agrum
552 651 816 706 fortasse‘trecentis

143 728 202 780 Aut
219 727 301 781 etiam
319 728 401 796 supra
417 743 588 780 nummorum
605 726 725 780 millibus
742 729 870 795 emptum.
955 740 988 780 ror

143 801 216 865 Quid
232 801 318 874 refert
334 803 408 856 vivas
425 805 567 856 numerato
584 819 672 870 nuper
688 818 721 855 an
740 801 824 856 oliml

145 877 257 946 llmptor
275 877 534 946 Ariciniquondam
552 877 677 930 Veientis
694 880 724 930 et
741 877 799 929 arvi
825 913 828 921 .

144 952 272 1020 llmptum
290 956 385 1006 coenat
402 953 468 1016 olus,
487 951 609 1020 quamvis
626 951 706 1004 ahter
723 953 818 1020 putat;
836 951 935 1020 emptis

143 1026 200 1080 Sub
217 1031 324 1082 no'otem
341 1027 459 1096 gelidam
476 1027 556 1094 lignis
572 1026 716 1079 calefactat
732 1031 844 1090 aenum3
992 1063 995 1068 Δ

143 1102 199 1156 Sed
215 1107 293 1157 vocet
309 1119 396 1171 usque
414 1117 492 1156 suum
510 1118 564 1170 qna
580 1101 696 1169 populus
712 1100 803 1154 adsita
820 1099 903 1154 certis
955 1113 989 1153 iro

144 1176 287 1232 limitibus
304 1178 391 1231 vicina
408 1175 510 1243 refugit
523 1175 632 1243 jurgia3
648 1177 788 1241 tamquam

143 1251 186 1305 Sit
202 1253 513 1322 propriumquidquanr,
530 1253 631 1320 puncto
649 1248 723 1318 quod
739 1248 846 1302 mobilis
863 1248 946 1302 horae

143 1327 170 1379 N
171 1343 223 1381 unc
234 1344 321 1396 prece,
333 1344 403 1382 nunc
414 1328 510 1395 pretio,
522 1342 593 1380 nuuc
604 1325 639 1393 vi,
652 1341 723 1380 nunc
734 1329 823 1380 morte
835 1341 960 1395 suprema

145 1403 286 1457 Permutat
304 1402 426 1456 dominos
443 1407 472 1456 et
489 1403 571 1456 cedat
586 1403 622 1455 in'
633 1402 719 1456 altera
732 1402 804 1470 jura.

144 1477 187 1532 Sic
205 1478 267 1547 quia
283 1482 432 1548 perpetuus
448 1477 516 1530 nulli
534 1477 705 1542 daturusus,
722 1480 752 1530 et
769 1473 850 1530 heres
956 1493 988 1532 175

144 1553 282 1608 Heredem
300 1553 411 1607 alterius
428 1551 595 1605 relut'unda
611 1550 769 1618 supervenit
784 1550 894 1618 undam,

144 1627 215 1692 Quid
232 1629 283 1682 vici
299 1631 413 1698 prosunt
430 1629 478 1680 aut
495 1626 608 1680 horreat
626 1624 726 1695 quidve
745 1624 867 1678 Calabris

144 1700 263 1755 Saltibus
280 1702 380 1770 adjecti
398 1700 508 1769 Lucani,
525 1699 548 1754 si
565 1701 647 1753 metit
665 1699 751 1753 Orcus

119 1821 125 1832 .
144 1775 265 1829 Grandia
282 1793 344 1830 cum
361 1776 458 1845 parvis,
477 1791 530 1828 non
548 1774 693 1828 exorabilis
711 1775 794 1828 aurel

143 1851 277 1919 Gemmas,
295 1867 419 1918 marmor,
439 1851 514 1917 ebur,
533 1850 671 1918 Tyrrhena
688 1849 783 1917 sigilla,
802 1847 924 1915 tabellas,
956 1865 989 1903 mo

143 1926 305 1994 Argentum,
323 1929 412 1980 restes
430 1925 546 1980 Gaetulo
563 1925 665 1978 murice
681 1925 789 1992 tinctas,

143 2001 213 2055 Sunt
230 2002 277 2071 qui
294 2018 347 2054 non
364 2001 489 2066 habeant
507 2003 551 2054 est
568 2000 616 2069 qui
632 2017 687 2054 non
704 2003 782 2054 curat
799 1999 908 2054 habere.

143 2077 199 2130 Cur
216 2077 287 2131 alter
303 2077 419 2130 fratrum
436 2092 542 2132 cessare
560 2080 590 2130 ct
607 2076 703 2130 ludere
720 2079 750 2130 et
767 2075 834 2143 iungi

144 2152 284 2206 Praeferat
302 2152 421 2205 Herodis
438 2151 564 2222 palmetis
581 2151 733 2220 pinguibus,
752 2151 823 2205 alter

143 2228 227 2282 Dives
244 2231 273 2282 et
290 2227 460 2296 importunus
477 2228 514 2281 ad
530 2227 655 2281 umbram
671 2228 740 2281 lueis
757 2227 792 2280 ab
810 2230 873 2280 ortu
958 2241 990 2280 ras

143 2303 300 2357 Silvestrem
316 2303 432 2356 flammis
449 2305 478 2355 et
494 2303 568 2354 ferro
585 2303 695 2368 mitiget
712 2317 815 2367 agrum,

142 2377 200 2432 Scit
218 2377 327 2444 Genius,
345 2376 436 2430 natale
454 2392 543 2429 comes
561 2376 608 2444 qui
625 2378 762 2443 temperat
780 2377 891 2439 astrum,
987 2415 998 2436 ,

142 2453 265 2507 Naturae
283 2453 350 2506 deus
368 2451 509 2517 humanae,
527 2449 651 2503 mortalis
668 2449 697 2502 in
714 2463 798 2501 unum

143 2527 276 2597 Quodque
293 2531 383 2596 caput,
400 2525 478 2580 vultu
495 2525 641 2593 mutabilis,
659 2524 737 2578 albus
755 2526 784 2576 et
801 2526 868 2576 ater.

142 2603 214 2658 Utar
230 2607 260 2657 ot
277 2620 312 2657 ex
328 2601 434 2666 modico
454 2604 586 2669 quantum
603 2616 648 2654 res
666 2602 761 2668 poscet
778 2613 875 2652 acervo
959 2613 991 2653 uo

142 2677 252 2746 Tollam,
270 2694 321 2732 nee
337 2680 458 2731 metuam
476 2675 544 2745 quid
561 2675 597 2729 de
613 2691 658 2728 me
672 2673 780 2742 judicet
797 2673 884 2738 heres,

142 2754 223 2819 Quod
240 2769 294 2807 uon
310 2754 391 2823 plura
408 2751 480 2804 datis
498 2751 650 2816 invenerit3
668 2753 697 2802 et
714 2753 806 2802 tamen
823 2748 897 2801 idom

142 2829 217 2884 Scire
234 2827 322 2882 volam
340 2829 472 2896 quantum
491 2825 605 2894 simplex
622 2824 770 2891 hilarisque
787 2822 881 2890 nepoti

143 2903 288 2972 Diserepet
305 2905 334 2956 et
352 2905 484 2970 quantum
502 2900 640 2953 discordet
657 2913 756 2967 parcus
773 2912 861 2950 avaro.

143 2979 236 3033 Distat
244 2977 316 3032 enim
327 2990 438 3045 spargas
446 2978 495 3028 tua
503 2974 633 3042 prodigus
642 2989 675 3026 an
683 2987 773 3039 neque
783 2974 922 3042 sumptum
958 2989 990 3029 res

144 3054 251 3108 Invitus
268 3052 351 3106 facias
367 3065 456 3120 neque
473 3049 552 3117 plura
569 3063 666 3117 parare
682 3045 796 3114 labores,

144 3133 187 3184 Ao
203 3127 302 3199 potius,
318 3143 388 3196 puer
404 3128 437 3178 ut
453 3123 531 3177 festis
549 3120 763 3192 Quinquatribus
780 3122 852 3200 olim,

145 3204 251 3271 Exiguo
268 3206 401 3271 gratoque
417 3199 517 3253 fruaris
534 3201 659 3265 tempore
676 3197 789 3267 raptim..
