2276 3448
414 169 668 219 EPISTOLARUM
684 170 707 218 Ι.
725 169 751 220 7.
949 169 993 217 169

147 250 282 304 Strenuus
299 253 329 304 et
345 247 423 304 fortis
441 250 582 318 causisque
601 250 743 318 Phiiippus
759 248 873 317 agendis

147 325 244 379 Clarus
261 324 297 378 ab
313 325 407 378 officiis
424 329 546 378 octavam
563 325 670 378 circiter
687 325 782 377 horam

147 399 220 453 Dum
238 399 319 466 redit,
337 399 510 467 atquc·For·0
527 399 641 452 nimium
659 399 761 452 distare
780 397 892 452 Carinas

146 474 212 528 Jam
229 474 340 542 grandis
357 479 424 528 natu
441 474 573 542 queritur,
591 475 744 542 conspexit,
756 476 789 526 ut
806 473 890 536 aiunt,

147 549 286 602 Adrasum
303 549 441 618 quendam
458 564 543 602 vacua
554 549 671 604 tonsoris
688 549 717 602 in
737 547 864 601 umbra'·
972 561 996 601 ce

147 622 264 676 Cultcllo
281 623 404 692 proprios
420 628 582 691 purgantem
599 619 829 690 lenitcr'uugucs.

127 697 422 766 ,“Demetri,”-—pucr
439 697 553 750 hicnon
571 698 646 751 laeve
659 697 738 766 jussa
756 695 876 764 Philippi

148 771 416 840 decipiebat-“abi
434 789 536 840 quaere
554 777 583 826 et
600 773 680 839 refer,
697 771 771 826 unde
789 771 878 836 doum,
896 770 965 838 quis,

148 847 233 914 (Rrjus
250 848 382 913 fortunae,
401 863 455 915 quo
473 847 509 900 sit
526 851 605 915 patre
623 864 711 915 quove
728 845 864 914 patr0n0.”

148 921 184 987 It,
202 921 275 976 rodit
292 925 321 975 et
331 927 438 987 narrat,
456 921 594 974 Voltcium
611 922 719 975 nomine
737 922 855 988 Menam,
971 933 994 972 os

148 995 320 1064 Praeconem,
337 997 414 1050 tenui
431 1013 521 1064 censu,
539 997 596 1050 sine
613 996 732 1064 crimine,
749 999 845 1050 notum

147 1069 185 1124 Et
202 1087 347 1139 properare
363 1071 422 1124 loco
440 1075 469 1124 ct
486 1088 592 1124 cessare
610 1074 639 1124 et
657 1067 788 1140 quaerere
805 1074 835 1122 et
852 1069 901 1135 uti,

147 1145 318 1208 Gaudentem
335 1146 480 1214 parvisque
498 1145 635 1214 sodalibus
653 1149 682 1198 et
698 1146 755 1198 lare
772 1147 847 1198 certo

147 1209 190 1272 Et'
201 1219 273 1273 ludis
291 1224 400 1288 etpost
417 1221 508 1274 decisa
525 1221 635 1286 negotia
653 1220 761 1287 Campo.

147 1294 269 1348 “Scitari
285 1293 355 1348 libet
372 1311 406 1348 ex
422 1295 481 1364 ipso
499 1295 678 1364 quodcunque
695 1295 796 1358 refers;
814 1293 858 1347 dic
970 1307 994 1345 co
1054 1311 1058 1320 ·

147 1369 195 1422 Ad
213 1385 324 1423 coenam
341 1369 453 1426 veniat.”
490 1370 553 1422 Non
571 1387 635 1423 sane
651 1369 764 1424 credere
782 1369 870 1436 Mena,

146 1442 242 1496 Mirari
260 1459 350 1498 secum
368 1444 474 1497 tacitus.
510 1444 582 1508 Quid
599 1445 704 1498 multat
741 1445 912 1510 “Benigne'’

146 1517 314 1586 Respondet.
337 1519 452 1586 “Neget
463 1519 510 1572 ille
521 1519 588 1571 milri
598 1519 623 1573 i''
647 1519 761 1586 “Negat
772 1519 808 1570 im
813 1519 911 1570 orobos
923 1523 952 1570 ct
963 1523 992 1570 te

145 1591 172 1646 N
174 1593 270 1660 egligit
286 1595 334 1646 aut
351 1593 465 1647 horret.''
501 1593 639 1646 Volteium
656 1609 736 1646 mane
755 1592 896 1660 Philippus

145 1666 221 1720 Vilia
237 1667 401 1721 vendentem
418 1667 539 1721 tunicato
557 1684 648 1721 scruta
664 1667 770 1736 popello
969 1683 994 1722 ce

146 1742 268 1811 Occupat
286 1746 316 1796 et
333 1743 437 1796 salvere
450 1742 532 1810 jubet
548 1743 631 1812 prior.
667 1743 718 1796 ille
737 1741 859 1810 Philippo

145 1816 283 1870 Excusare
300 1817 421 1870 laborem
438 1822 467 1871 et
484 1818 650 1871 mercenaria
667 1818 761 1885 vincla,

145 1884 227 1955 Quod
243 1908 295 1945 non
314 1909 393 1946 mane
411 1892 522 1946 domum
539 1893 667 1959 venisset,
687 1893 805 1962 denique
824 1893 899 1962 quod
917 1909 970 1947 non

151 1966 318 2021 Providisset
335 1984 404 2021 erun.
438 1967 505 2021 “Sic
521 1967 655 2036 ignovisse
672 1971 768 2036 putato

145 2040 193 2094 Me
204 2041 256 2094 tibi
267 2042 290 2095 si
302 2058 399 2096 coenas
410 2041 492 2095 hodie
503 2043 630 2096 mecum.”
661 2043 677 2070 “
687 2043 727 2096 Ut
737 2041 828 2098 libet?
856 2043 873 2071 “
881 2044 952 2110 llrgo
969 2059 993 2098 ro

146 2115 212 2170 Post
229 2118 327 2171 nonam
343 2117 452 2182 renies3
469 2135 539 2172 nunc
555 2117 574 2186 i,
592 2134 651 2172 rem
669 2123 795 2172 strenuus
812 2120 903 2185 auge?⁸

145 2190 186 2260 Ut
203 2197 314 2246 ventum
331 2193 368 2246 ad
386 2209 497 2246 coenam
516 2197 566 2258 cst,
585 2193 703 2248 dicenda
719 2194 834 2248 tacenda
852 2194 953 2249 locutus

145 2261 266 2320 'landem
283 2267 430 2320 dormitum
448 2268 603 2322 dimittitur.
639 2269 693 2321 Hic
709 2268 757 2321 nbi
775 2285 855 2336 saepe

146 2339 289 2394 Occultum
306 2343 379 2395 risus
397 2339 544 2396 decurrere
561 2341 644 2410 piscis
661 2341 698 2395 ad
715 2342 824 2394 lramum

145 2414 227 2468 Mune
244 2416 329 2470 cliens
347 2416 448 2484 etjam
466 2421 556 2470 certus
574 2416 694 2483 conviva,
706 2415 820 2482 jubetur
969 2431 994 2472 tu

145 2487 221 2544 Rura
239 2491 393 2544 suburbana
412 2491 522 2544 indictis
540 2507 629 2544 comes
647 2491 687 2544 ire
706 2490 816 2544 Latinis.

145 2563 294 2632 impositus
311 2566 416 2619 mannis
433 2583 528 2620 arvum
545 2567 703 2636 caelumque
722 2565 850 2620 Sabinum

143 2637 208 2692 Non
225 2645 314 2694 cessat
331 2641 450 2696 laudare.
486 2639 572 2695 Videt
589 2641 717 2710 ridetque
736 2641 883 2709 Philippus,

145 2711 182 2768 Et
199 2714 252 2768 sibi
270 2715 336 2768 dum
352 2717 482 2784 requiem,
501 2715 567 2770 dum
584 2717 655 2770 risus
672 2716 792 2785 undiquc
810 2715 926 2785 quaerit,
943 2773 947 2788 Ι

144 2783 217 2842 Dum
235 2794 341 2858 septem
359 2791 443 2846 donat
461 2793 594 2859 sestertia,
613 2796 708 2846 mutua
725 2796 830 2861 septem
968 2804 991 2843 so

118 2929 120 2935 Α
143 2860 292 2933 Promittit,
309 2866 457 2934 persuadet
474 2867 516 2920 uti
533 2871 670 2920 mercetur
686 2867 810 2934 agellum.

143 2931 289 2994 Mereatur.
324 2941 350 2993 N
352 2957 368 2994 e
385 2944 414 2994 te
432 2941 519 3008 longus
536 2941 695 3008 ambagibus
712 2941 784 2994 ultra

142 3011 231 3076 Quam
247 3014 316 3068 satis
333 3019 377 3069 est
394 3032 491 3082 morer,
508 3032 543 3068 cx
560 3015 647 3068 nitido
665 3015 698 3068 fit
714 3015 832 3068 rusticus
849 3018 931 3085 atque

142 3085 237 3142 Sulcos
254 3093 285 3142 et
301 3090 393 3143 vineta
411 3093 505 3156 crepat
522 3105 613 3153 mera;
630 3093 775 3157 praeparat
792 3089 886 3157 ulmos,

143 3159 303 3218 immoritur
321 3164 419 3218 studiis
437 3179 466 3217 et
484 3179 576 3217 amore
592 3165 709 3217 senescit
726 3163 852 3217 habendi.
966 3178 990 3216 ce
