2268 3448
156 159 186 204 18

333 173 343 221 “·.
428 163 580 214 HORATII
598 161 726 210 FLAGOI

327 243 441 301 Excisus
459 243 577 311 Argivis,
596 245 639 296 ter
655 257 725 296 uxor

361 320 449 389 (lapte
465 319 553 372 virum
570 332 723 386 puerosque
739 314 835 383 ploret

294 395 357 450 Non
373 394 424 448 hoc
436 393 547 462 jocosae
564 391 707 446 conveniet
724 391 811 459 lyrae:

294 469 362 537 Quo,
380 469 467 536 Musa,
484 466 594 522 teudist
630 466 730 520 Desine
748 466 874 533 pervicax

329 545 443 599 Referre
460 557 599 596 sermones
616 540 728 594 deorum
746 545 775 594 et

363 619 463 686 Magna
479 615 568 670 modis
585 620 700 670 tenuere
716 615 814 684 paruis,

555 755 606 809 IV.

296 839 446 896 Dnsonsnn
462 838 536 894 caelo
552 841 582 891 et
599 837 644 892 dio
661 853 712 905 age
729 835 797 890 tibia

298 915 404 983 Regina
420 914 530 981 longum
548 912 667 980 Calliope
684 911 776 978 melos,

331 991 386 1045 Seu
402 1005 468 1044 voce
484 1003 557 1042 nunc
573 987 659 1040 mavis
675 990 763 1053 acuta,

365 1065 421 1120 Seu
437 1062 537 1118 fidibus
554 1061 711 1130 citharaque
730 1059 839 1116 Phoebi.

298 1139 417 1207 Auditis,
433 1154 470 1192 an
487 1153 532 1190 me
548 1137 620 1190 ludit
637 1135 760 1190 amabilis

299 1213 428 1271 Insanial
464 1211 569 1266 Audire
586 1214 617 1266 et
633 1210 728 1264 videor
744 1210 803 1279 pios

332 1290 431 1342 Errare
447 1303 498 1364 per
514 1287 588 1340 lucos
605 1301 735 1340 amoenae

367 1363 440 1426 Quos
458 1365 487 1416 et
504 1377 591 1429 aquae
608 1359 726 1414 subcunt
742 1363 772 1414 et
788 1375 878 1414 aureo.

299 1436 346 1492 Me
362 1436 499 1492 fabulosae
517 1435 635 1488 Vulture
652 1436 681 1488 in
699 1433 790 1503 Apulo

300 1511 412 1568 Altriois
429 1514 508 1566 extra
524 1510 606 1564 limen
624 1509 741 1578 Apuliae

333 1587 411 1641 Ludo
428 1586 626 1654 fatigatumque
643 1599 736 1638 somno

368 1660 475 1716 Fronde
492 1676 562 1714 nova
578 1675 693 1728 puerum
709 1658 851 1728 palumbes
921 1707 922 1710 ,

300 1736 413 1805 Tenere,
430 1736 529 1790 mirum
547 1733 621 1802 quod
637 1733 709 1787 foret
726 1733 857 1801 omnibus,

304 1811 462 1878 Quicunque
480 1809 567 1863 uenae
583 1808 677 1862 nidum
695 1808 876 1862 Acherontiae

334 1884 479 1951 Saltusque
497 1883 628 1938 Bantinos
645 1886 676 1936 et
692 1897 786 1936 arrum

370 1959 473 2026 Pingue
489 1957 710 2022 tenenthumilis
728 1957 846 2025 Forenti,

301 2033 343 2087 Ut
359 2035 421 2087 tuto
438 2032 473 2086 ab
489 2032 557 2086 atris
574 2047 685 2100 corpore
703 2031 802 2099 viperis

300 2106 452 2162 Dor-mirem
471 2111 501 2160 et
518 2107 596 2173 ursis,
613 2109 646 2160 ut
662 2121 801 2174 premerer
818 2121 895 2160 sacra

337 2179 480 2251 lauroque
498 2182 650 2250 collataque
667 2184 764 2248 myrto,

368 2255 431 2310 Non
449 2257 506 2310 sine
524 2256 567 2309 dis
584 2256 719 2309 animosus
737 2254 831 2308 inians.

301 2330 409 2400 Vester,
429 2331 571 2398 Camenae,
589 2333 680 2383 vester
697 2329 725 2382 in
743 2329 842 2382 arduos

302 2405 392 2460 Tollor
410 2405 531 2473 Sabinos,
550 2421 599 2458 seu
615 2403 682 2457 mihi
699 2403 829 2470 frigidum
902 2427 906 2435 ·

337 2482 485 2534 Praeneste
503 2497 552 2533 seu
569 2478 653 2532 Tibur
671 2479 797 2546 supinum

371 2555 424 2608 Seu
442 2554 561 2623 liquidae
577 2553 703 2620 placuere
722 2552 813 2606 Baiae.

302 2627 410 2682 Vestris
427 2628 543 2681 amioum
559 2625 679 2679 fontibus
697 2630 726 2680 et
742 2625 836 2680 choris·
987 2649 1008 2688 at
1112 2699 1113 2706 ἵ

302 2701 329 2755 N
331 2717 365 2754 on
381 2714 427 2754 me
445 2699 577 2768 Philippis
594 2715 673 2752 versa
690 2699 761 2754 acies
777 2703 860 2770 retro,

338 2774 445 2827 Devota
461 2789 516 2824 non
533 2771 664 2825 exstinxit
681 2773 769 2840 arbos,

372 2846 433 2899 Nec
450 2845 540 2899 Sicula
557 2843 700 2897 Palinurus
717 2846 799 2899 unda.
849 2869 852 2874 ·

303 2919 450 2987 Utcunque
467 2933 573 2971 mecum
590 2933 637 2970 vos
655 2918 738 2984 eritis,
756 2918 844 2975 libens

303 2991 488 3045 Insanientem
504 2991 596 3044 navita
614 2989 764 3055 Bosporum

339 3063 461 3116 'l'entabo
480 3067 509 3116 ot
525 3065 638 3114 urentes
656 3077 751 3113 arenas

315 3157 328 3180 ο
374 3135 488 3187 Littoris
507 3133 613 3200 Assyrii
630 3131 733 3196 viator5
