2288 3444
403 202 549 253 uranon
564 203 681 264 meua,
702 203 740 256 17.
945 205 990 253 ma

210 282 357 355 Neptunus
374 282 431 336 alto
447 281 540 337 tundit
557 283 687 336 hibernus
705 282 769 338 salo.
966 295 992 337 et

189 405 193 410 .
212 357 321 411 Inultus
337 362 370 410 ut
387 360 419 410 tu
436 357 530 410 risoris
549 358 671 424 Cotyttia

211 432 339 499 Vulgata,
358 449 463 486 sacrum
480 432 560 486 liberi
578 432 727 500 Cupidinis,

211 507 249 560 Et
268 507 401 575 Esquilini
417 507 540 574 pontifex
557 507 671 560 venefici

213 580 331 650 Impune
348 585 380 634 ut
398 582 502 635 Urbem
519 581 628 635 nomine
645 581 766 650 impleris
783 585 862 638 meol

211 655 287 719 Quid
302 655 433 724 proderat
450 655 553 710 ditasse
572 655 697 724 Pelignus
714 671 789 724 auus,
817 681 818 684 ¹

173 743 176 746 ·
210 730 372 784 velociusve
390 731 529 784 miscuisse
546 732 682 785 toxicuml

210 805 268 859 Sed
285 805 406 858 tardiora
423 805 480 859 fata
497 809 527 872 te
544 807 615 859 votis
632 808 761 861 manent:

212 881 325 948 Ingrata
341 881 441 933 misero
458 880 516 934 vita
531 881 657 934 ducenda
673 884 717 934 est
733 881 763 934 in
779 879 833 938 hoe

212 955 238 1008 N
240 955 297 1008 ovis
314 958 451 1024 utusque
469 958 598 1024 suppetas
615 955 760 1009 laboribus.

212 1030 298 1099 Optat
315 1030 436 1098 quietem
455 1030 563 1098 Pelopis
580 1029 658 1083 infidi
675 1033 763 1098 pater,

211 1105 301 1173 Egens
318 1105 452 1173 benignae
471 1103 599 1158 Tantalus
617 1121 724 1174 semper
741 1103 806 1174 dapi

212 1179 299 1249 Optat
317 1179 498 1233 Prometheus
515 1179 651 1248 obligatus
668 1179 735 1248 aliti,

213 1254 301 1324 Optat
318 1271 445 1324 supreme
463 1255 594 1309 collocare
612 1255 743 1324 Sisyphus

212 1330 247 1384 Iu
264 1334 356 1384 moute
374 1347 486 1396 saxnm3
509 1329 559 1384 sed
576 1333 672 1384 vetant
688 1331 765 1400 leges
783 1331 867 1404 Jovis
925 1331 927 1336 '

212 1405 296 1460 Voles
313 1405 393 1458 modo
410 1405 473 1459 altis
490 1405 600 1460 desilire
617 1405 748 1470 turribus,

212 1481 378 1562 Modc‘eusc
394 1485 490 1549 pectus
508 1481 607 1534 Norico
624 1481 775 1546 recludere,

213 1557 380 1626 Frustraque
397 1557 483 1610 vincla
500 1556 606 1624 gutturi
623 1558 717 1608 nectes
735 1560 783 1608 tuo

214 1632 367 1686 Fastidiose
384 1631 473 1685 tristis
489 1631 665 1698 aegrimonia.

212 1706 351 1760 Vectabor
367 1707 487 1760 humeris
504 1711 571 1760 tunc
588 1721 638 1772 ego
656 1702 773 1758 inimicis
791 1717 881 1773 eques,

212 1781 347 1851 Meaeque
363 1786 440 1836 terra
456 1781 537 1836 cedet
553 1781 721 1834 insolentiae.

213 1857 260 1914 An
277 1873 347 1925 quae
364 1873 472 1910 movere
489 1871 583 1910 cereas
600 1855 740 1924 imagines,

213 1931 254 1986 Ut
270 1931 330 2000 ipsc
347 1931 419 1985 nosti
435 1931 563 1996 curiosus,
581 1934 611 1985 et
627 1929 690 2000 polo

213 2006 347 2074 Deripere
365 2007 457 2060 lunam
474 2006 586 2060 vocibus
603 2006 704 2074 possim
720 2001 798 2078 meis,

214 2080 319 2136 Possim
336 2085 469 2135 crematos
487 2081 606 2135 excitare
622 2087 746 2138 mortuos

213 2154 393 2225 Desiderique
411 2159 564 2226 temperare
581 2158 684 2226 pocula,

214 2228 324 2286 Plorem
340 2230 409 2288 artis
426 2230 456 2287 iu
473 2235 503 2287 te
520 2231 560 2286 nil
569 2232 684 2304 ⁵agentis
700 2230 808 2292 camel
