2276 3448
169 166 215 215 itt
409 163 413 166 ’
444 163 599 214 nonam
615 161 745 213 FLAOOI

167 242 209 297 'l'u
227 239 326 312 quotus
344 231 405 296 etse
421 241 492 296 veiis·
508 241 634 310 rescribe,
653 243 682 296 et
697 241 782 296 rebus
800 241 906 296 emissis
1001 259 1027 300 ιι

169 314 250 373 Atria
267 319 420 372 servantem
439 317 543 385 postico
560 317 624 372 falle
642 314 777 372 clientem.

170 563 197 616 N
198 577 226 616 ιι
244 561 374 635 admirari
391 576 477 630 prope
495 577 541 614 res
559 564 603 614 est
619 578 680 631 una,
696 561 814 628 Numici,

171 638 287 705 Solaque
305 654 375 705 quae
392 637 478 704 possit
495 637 586 690 iacere
604 638 634 689 et
652 651 761 688 servare
778 636 896 690 beatum

172 711 253 764 Hunc
271 711 356 764 solem
374 709 402 764 et
420 711 512 764 stellas
530 714 560 764 et
578 709 740 764 decedentia
757 711 840 764 certis

171 786 304 854 Tempora
322 786 467 852 momentip
485 789 548 839 sunt
566 784 775 854 quiicrmidine
793 785 873 840 nuila.

172 856 276 914 Imbuti
294 864 430 930 spectent:
449 861 517 929 quid
533 856 628 915 censes
644 875 757 913 munera
774 861 873 927 tetrae,
1014 871 1028 913 ὴ

172 933 245 1000 Quid
260 934 342 989 maris
360 938 499 990 extremos
518 935 625 989 Arabas
644 934 758 988 ditantis
776 937 806 988 ct
825 935 916 1002 Indos,

171 1010 290 1065 Ludicra
308 1011 510 1080 quidplausus
528 1010 653 1064 et'amici
671 1009 743 1063 dona
764 1007 884 1077 Quiritis,

172 1085 232 1149 Quo
254 1086 402 1155 spectanda
419 1086 507 1154 modo,
526 1102 579 1153 quo
597 1101 678 1138 sensu
695 1084 784 1138 credis
802 1087 831 1138 et
847 1083 914 1138 orei

172 1159 225 1226 Qui
242 1160 323 1215 timet
339 1159 383 1214 his
401 1161 515 1214 adversa
533 1161 591 1214 fere
609 1160 725 1213 miratur
742 1159 839 1213 eodem

149 1231 231 1301 'Quo
249 1237 360 1304 cupiens
377 1240 471 1304 pactc5
488 1251 572 1304 pavor
590 1239 669 1289 estu
669 1234 795 1303 trobique
812 1228 942 1288 molestus
1003 1248 1024 1286 ιι
1122 1255 1123 1300 3

160 1311 324 1380 „Improvisa
343 1310 422 1364 simul
441 1311 545 1388 species
563 1312 687 1364 exterret
708 1313 861 1377 nti-Quaque
924 1367 926 1370 ,

172 1387 297 1440 Gaudeat
314 1403 349 1440 an
368 1385 466 1453 dolcat,
485 1373 576 1454 'cupiat
593 1388 699 1439 metuat
700 1402 743 1452 ne,
762 1385 829 1453 quid
846 1384 882 1438 ad
898 1401 966 1452 rem,

171 1461 201 1514 Si
219 1461 354 1530 quidquid
373 1461 443 1514 iidit
460 1461 558 1514 melius
576 1477 621 1530 peJ
609 1459 690 1529 jusve
709 1477 758 1514 sua
775 1476 823 1528 spe

171 1535 276 1590 Defixis
294 1537 376 1590 oculis
394 1536 537 1606 animoque
556 1540 585 1590 et
601 1546 714 1605 corpere
731 1527 842 1624 torpeti

171 1611 264 1666 Insani
283 1613 391 1681 sapiens
407 1628 505 1666 nomen
523 1613 603 1686 ferat,
622 1627 725 1680 aequus
742 1609 852 1698 iniqui,
1002 1623 1025 1664 ιι
1122 1625 1123 1660 1

172 1686 220 1740 Ult
208 1691 252 1740 tra
269 1704 350 1756 quam
369 1687 435 1740 satis
452 1691 495 1740 est
512 1687 553 1754 vir
555 1691 642 1741 tutem
658 1686 681 1738 si
699 1681 801 1754 petat
793 1701 885 1754 ipsam.

158 1753 186 1815 '1
203 1778 282 1830 nunc,
300 1767 444 1830 arpentum
462 1765 492 1816 et
509 1778 627 1814 marmor
644 1764 724 1815 vetus
741 1776 858 1829 aeraque
876 1762 905 1812 et
922 1761 998 1812 artes

171 1803 290 1906 Suspice,
308 1847 370 1892 cum
387 1838 502 1905 gemmis
520 1837 613 1905 Tyrios
630 1835 730 1890 mirare
749 1836 866 1901 colores3

171 1913 266 1966 Gaude
285 1913 359 1981 quod
376 1915 501 1981 spectant
519 1912 588 1966 oculi
605 1913 645 1966 te
652 1911 726 1965 mille
742 1911 916 1980 loquentem,

170 1987 197 2040 N
198 2004 264 2041 arus
281 2003 360 2040 mane
379 1987 467 2040 forum
484 1990 514 2040 et
531 1981 703 2055 vespertinus¹
719 1990 784 2054 pete
802 1989 913 2052 tectum,
975 2000 1024 2048 ,ιι

159 2061 197 2120 ,Ν
198 2079 214 2115 e
231 2061 291 2129 plus
308 2061 440 2115 frumenti
458 2061 595 2116 dotalibus
613 2066 686 2116 emet
674 2065 767 2116 tatrr
733 2061 836 2129 agris

171 2136 314 2190 Mutuset
302 2124 481 2203 tindignum
499 2137 611 2204 quod
591 2141 628 2191 sit
628 2153 697 2206 ,Jpe
685 2136 793 2204 juribus
811 2137 888 2189 ortus

170 2211 225 2265 Hie
242 2210 348 2264 tibit
311 2214 348 2264 sit
364 2215 413 2280 pot
413 2211 455 2264 ius
473 2228 555 2280 quam
565 2215 604 2265 tu
622 2211 754 2266 mirabilis
773 2211 819 2264 illi.

170 2285 312 2355 Quidquid
331 2285 382 2339 sub
400 2289 476 2340 terra
494 2287 582 2340 estin
600 2287 721 2357 apricum
739 2287 954 2355 proferetas
877 2287 970 2350 aetam

169 2360 298 2415 Dciodiet
316 2361 415 2415 condet
403 2365 469 2430 tque
486 2362 528 2415 nit
530 2365 576 2417 ent
577 2363 610 2418 ia
646 2362 718 2416 Cum
733 2361 804 2414 bene
823 2356 917 2414 notum
997 2374 1020 2414 ιι

170 2431 296 2491 Porticus
315 2438 455 2506 Agrippae
474 2441 503 2490 et
520 2452 564 2491 vra
581 2441 610 2491 t
595 2437 798 2505 econepexerit
816 2435 897 2504 Appi,

170 2511 217 2567 Ire
233 2515 327 2582 tannen
345 2529 389 2564 res
391 2516 432 2564 tat
391 2511 542 2564 tNunra
560 2528 613 2580 que
632 2511 789 2564 devenitet
808 2511 908 2563 Aucus.

169 2586 199 2640 si
216 2586 256 2642 lat
244 2591 289 2642 tus
307 2589 355 2640 aut
372 2602 453 2639 rencs
470 2587 565 2639 morbo
585 2591 728 2640 tentantur
745 2589 826 2640 actito

170 2661 278 2724 Quaere
294 2661 387 2727 fugam
405 2659 500 2714 morbi
536 2660 586 2714 Vis
603 2665 679 2714 recte
696 2663 802 2715 vivere:
820 2661 881 2746 quis
898 2660 973 2712 noni
1034 2689 1037 2692 -

168 2734 198 2788 Si
216 2735 270 2788 virt
270 2750 302 2787 us
258 2734 371 2788 thoc
388 2751 443 2787 una
460 2751 495 2802 po
496 2738 552 2788 test
569 2735 643 2808 dare,
662 2737 724 2789 fcrt'
704 2739 741 2789 trs
759 2736 865 2789 omissis
955 2735 960 2744 ‘
996 2749 1018 2787 ιιι
1122 2803 1123 2808 ¹

162 2808 231 2876 'Hoc
247 2825 281 2877 ag
282 2825 298 2862 e
315 2807 427 2864 deliciis.
464 2809 603 2864 Virtutem
621 2811 704 2866 verba
721 2815 803 2879 putas
820 2813 850 2863 et

163 2881 273 2936 Lucum
290 2883 377 2951 ligna:
395 2900 460 2938 cave
477 2901 512 2940 ne
529 2889 624 2954 portus
642 2890 756 3013 occupet
773 2887 851 2952 alter,

169 2956 213 3009 Ne
231 2957 392 3025 Cibyratica,
410 2975 446 3012 ne
463 2958 511 3012 Bit
499 2958 584 3027 thyna
600 2961 709 3027 negotia
725 2961 840 3030 perdas;

169 3029 246 3082 Mille
263 3031 366 3084 talenta
383 3033 573 3101 retundantur,
591 3037 620 3089 to
622 3035 708 3088 tidem
725 3035 764 3088 alt
752 3039 820 3102 t‚era
839 3051 920 3104 porro
938 3037 969 3088 et

169 3097 261 3155 Tertt1a
278 3106 423 3158 succedant
440 3112 469 3160 et
487 3125 557 3176 quae
573 3126 637 3175 pars
655 3110 773 3178 quadrat
789 3119 925 3164 acervum.
996 3123 1019 3163 ιι

169 3176 277 3229 Scilicet
293 3192 405 3230 uxorem
421 3196 482 3232 cum
500 3181 565 3235 dote
582 3183 720 3251 iidemque
738 3187 768 3237 et
784 3184 885 3236 amieos
1006 3189 1008 3194 '
1102 3179 1106 3188 ’
