2276 3448
394 205 395 210 =
456 176 525 226 ARS
541 175 701 228 POE'I'IOA.
936 197 939 204 ·
959 181 1006 230 201

156 254 244 319 Quem
262 269 345 322 penes
363 253 507 310 arbitrium
525 260 568 312 est
586 260 616 311 et
625 257 677 340 jus
695 259 725 312 et
742 275 838 314 norma
855 259 991 330 loquendi.

155 329 213 383 Itos
230 333 325 396 gestae
343 346 494 400 regumque
513 333 668 402 ducumque
686 337 716 403 et
733 331 825 387 tristia
842 333 913 388 bolla

155 404 215 467 Quo
234 403 316 457 scribi
332 411 444 474 possent
462 423 575 462 numero
593 409 756 462 monstravit
775 409 919 472 llomerus

154 479 290 533 Versibus
307 475 449 548 impariter
462 481 567 550 junctis
585 484 754 552 querimonia
771 485 915 552 primum·
985 502 1008 542 τε

156 555 223 608 Post
241 555 324 609 ctiam
341 554 444 609 inclusa
462 557 580 630 astrati
598 558 736 612 sententia
753 575 874 628 cornpos:

155 630 223 694 Quis
239 633 332 684 tamen
350 630 462 699 exiguos
480 632 573 700 elegos
590 633 714 688 emiserit
731 638 835 702 auctor,

125 713 130 722 “
155 705 332 759 Grammatici
350 709 456 760 certant
474 710 503 760 et
519 707 609 762 adhuc
625 708 785 777 subjudice
802 710 836 762 lis
853 713 902 765 est

156 780 349 834 Archilochum
366 781 475 850 proprio
493 782 583 837 rabies
600 785 716 838 armarit
733 783 838 850 iambo;

155 855 238 908 Hunc
256 856 326 910 socci
343 873 441 924 cepere
459 857 558 926 pedem
575 858 747 928 grandesque
765 860 897 928 cothurni,
984 876 1006 913 ar

156 929 280 983 Alternis
298 934 393 1000 aptum
411 932 581 986 sermonibus
599 937 629 986 et
645 934 789 1002 populares

155 1003 318 1059 Vincentem
336 1006 468 1074 strepitus
486 1011 516 1060 et
533 1011 628 1060 natum
646 1007 728 1062 rebus
745 1009 865 1077 agendis.

154 1079 236 1134 Musa
254 1080 334 1134 dedit
351 1081 453 1134 fidibus
471 1081 549 1136 diros
565 1099 719 1152 puerosque
737 1083 851 1138 deorum

155 1155 193 1210 Et
210 1156 331 1226 pugilem
349 1156 479 1212 rictorem
497 1161 528 1211 et
544 1174 645 1227 equum
662 1160 810 1214 certamine
828 1162 944 1228 primum
1005 1203 1012 1214 .

144 1231 193 1286 lit
206 1231 339 1300 juvenum
358 1249 436 1286 curas
454 1236 483 1287 et
500 1233 587 1288 libera
603 1235 666 1288 vina
682 1235 792 1290 referre.
982 1252 1005 1291 ca

155 1307 308 1378 Discriptas
326 1325 434 1362 serrare
452 1309 709 1380 obscenorumque
726 1311 830 1366 colores

156 1383 213 1438 Gur
230 1400 281 1452 ego
300 1385 323 1438 si
340 1401 446 1453 nequeo
464 1386 613 1454 ignoroque
630 1391 712 1456 poeta
729 1388 850 1443 salutorl

156 1459 213 1513 Gur
229 1460 335 1514 nescire
352 1461 460 1528 pudcus
476 1477 560 1528 prave
578 1477 659 1528 quam
677 1463 781 1516 discere
798 1464 887 1517 naalol

156 1533 290 1589 Versibus
308 1535 407 1604 exponi
424 1535 536 1602 tragicis
553 1552 597 1588 res
615 1536 717 1590 comica
733 1553 787 1590 non
805 1538 879 1600 viilt3

154 1609 322 1678 Indignatur
339 1611 407 1664 item
425 1609 539 1678 privatis
556 1626 588 1664 ac
604 1627 690 1679 prope
706 1627 783 1665 socco
848 1667 857 1688 ,
979 1625 1001 1660 on

156 1685 253 1754 Dignis
271 1685 434 1740 carminibus
452 1685 558 1738 narrari
575 1701 658 1740 coena
676 1686 814 1754 Thyestae.
855 1699 858 1704 ‘

156 1761 267 1830 Singula
285 1777 409 1830 quaeque
427 1760 515 1814 locum
532 1764 645 1815 teneant
662 1763 758 1816 sortita
776 1763 910 1816 decenter.

156 1836 302 1891 Interdum
319 1840 412 1890 tamon
431 1841 460 1891 et
477 1853 570 1890 vocem
589 1836 728 1891 cornoedia
745 1837 824 1906 tollit,
933 1853 935 1860 ’

58 1923 65 1936 ·
156 1913 302 1983 Iratusquo
321 1912 451 1967 Chremes
468 1912 575 1966 tumido
593 1912 719 1980 delitigat
737 1929 798 1977 ore;

155 1988 329 2056 strategias
346 1987 508 2057 plerumque
525 1987 601 2042 dolet
621 2003 744 2042 sermone
760 1989 883 2058 pedestri
981 2005 1004 2046 ss

155 2063 290 2133 'l'clephus
308 2066 338 2117 et
356 2063 461 2130 Peleus,
480 2079 542 2117 cum
559 2079 663 2133 pauper
680 2067 710 2118 et
727 2065 803 2118 exsul
821 2069 938 2134 uterque

155 2138 269 2206 Projicit
287 2137 420 2208 ampullas
439 2142 469 2192 et
488 2139 688 2208 sesquipedalia
707 2140 797 2209 verba,
827 2173 829 2180 =

155 2213 185 2267 Si
203 2217 282 2269 curat
300 2231 348 2269 cor
367 2216 515 2284 spectantis
535 2215 661 2284 tetigisse
680 2217 799 2284 querela.

154 2289 181 2342 N
183 2305 217 2344 on
236 2291 302 2344 satis
319 2294 362 2344 est
381 2291 494 2359 pulchra
511 2307 571 2343 esse
588 2297 730 2358 poenrata3
747 2291 837 2344 dulcia
854 2300 934 2347 sumo

154 2365 192 2420 Et
211 2382 372 2434 quocunque
391 2365 483 2418 volent
501 2365 621 2418 animum
638 2365 771 2418 auditoris
789 2372 898 2433 agunto,
972 2385 1004 2424 uo

154 2439 195 2494 Ut
212 2440 365 2494 ridentibus
382 2440 514 2507 arrident,
533 2440 573 2493 ita
591 2439 719 2493 flentibus
736 2440 837 2494 adsunt
897 2455 923 2480 -1
986 2443 990 2454 ’

155 2515 277 2569 Humani
294 2516 400 2570 rultus:
419 2516 443 2569 si
461 2517 501 2569 vis
519 2531 565 2569 me
583 2515 650 2569 flere
668 2515 815 2570 dolendum
833 2520 876 2570 cst
899 2551 919 2590 ¹-
940 2547 944 2555 ·
987 2529 989 2586 ζ

154 2590 276 2644 Primum
295 2592 347 2661 ipsi
365 2591 431 2645 tibi:
450 2594 516 2646 tunc
532 2595 582 2645 tua
598 2607 643 2650 me
660 2591 807 2646 infortunia
823 2592 941 2662 laedent,

154 2665 272 2735 Telephe
291 2667 334 2721 vel
353 2667 452 2732 Peleu;
469 2667 580 2720 malosi
600 2667 729 2720 mandata
745 2668 879 2735 loqueris·
987 2679 990 2688 ’

154 2743 214 2794 Aut
231 2741 384 2795 dormitabo
401 2745 450 2796 aut
466 2741 570 2796 ridebo.
605 2741 705 2796 Tristia
722 2747 874 2797 maestum·
970 2759 1002 2798 ut

153 2815 269 2869 Vultum
287 2816 370 2869 rerba
387 2817 493 2885 decent,
511 2817 612 2870 iratum
629 2817 710 2884 plena
727 2817 869 2883 minarum,
936 2845 939 2852 Δ

153 2890 308 2945 Ludentom
325 2890 431 2958 lasciva,
450 2907 576 2944 sevenun
594 2891 666 2944 seria
683 2891 765 2944 dictu.

154 2964 266 3019 Fonnat
284 2965 356 3019 enim
373 2969 471 3018 natura
487 2967 563 3034 prius
579 2981 629 3018 nos
645 2965 720 3018 intus
737 2965 774 3018 ad
791 2981 897 3021 omnem

154 3038 336 3093 Fortunarum
353 3038 492 3104 habitum
505 3039 587 3106 juvat
603 3041 652 3091 aut
669 3039 785 3107 impellit
803 3041 924 3096 adirem

154 3115 213 3167 Aac
231 3115 266 3168 ad
285 3115 397 3171 humum
414 3131 536 3168 maerore
553 3115 629 3182 gravi
647 3113 760 3168 deducit
777 3118 806 3168 et
824 3117 914 3185 angit;
968 3135 1000 3174 uo

155 3188 221 3242 Post
238 3191 318 3244 ctlcrt
335 3190 418 3244 animi
435 3193 526 3243 motus
543 3189 694 3258 interprete
712 3189 811 3258 lingua.
