2288 3444
405 183 616 240 cremum
631 184 681 235 IV
700 186 737 235 le.
969 188 999 238 el

296 267 447 321 Aeternum
464 263 644 352 opprobrium,
662 264 736 334 quod
752 265 822 320 mule
839 266 969 322 barbares

330 341 436 406 Regum
453 343 496 394 est
512 337 570 394 ulte
586 331 718 428 libidines

295 415 396 470 Dicunt
412 413 441 468 ln
457 408 552 468 tenero
568 411 690 482 gramine
707 415 846 484 pinguium

295 489 429 544 Custodes
445 479 542 549 ovium
553 483 672 578 eermiue
688 490 787 558 fistula,
980 499 1000 539 ¹⁰

295 564 493 634 Delecteutque
510 565 592 620 deum
609 562 652 620 cui
669 581 751 634 pecus
768 570 798 620 et
813 565 885 634 nigri

328 640 417 694 Colles
434 637 569 694 Arcadiae
585 641 703 710 placent.

294 715 445 770 Adduxere
462 715 536 769 sitim
552 719 682 784 tempore,
694 717 810 784 Virgili3

293 791 349 844 Sed
364 806 488 860 pressum
506 791 615 844 Calibus
632 792 732 846 ducere
749 791 879 847 Liberum

293 865 322 920 Si
339 866 429 933 gestie,
441 864 573 933 juvenum
590 865 727 922 nobilium·
739 868 831 936 eliens,

326 942 352 993 N
353 941 420 994 erdo
436 940 499 994 vina
515 941 662 995 merebere.
733 969 736 974 ·

292 1016 318 1070 N
320 1016 380 1070 ardi
395 1031 495 1085 pervus
511 1032 582 1082 onyx
599 1017 689 1074 eliciet
706 1017 803 1070 eadum

185 1139 191 1150 ,
293 1091 345 1154 Qui
361 1107 431 1151 uunc
448 1091 702 1159 Sulpiciis'accubet
718 1092 831 1164 horreis,

292 1166 359 1234 Spes
376 1165 478 1218 donare
495 1181 577 1218 uerus
594 1166 684 1234 largus
701 1183 847 1236 amaraque

325 1242 457 1295 curarum
474 1240 565 1294 eluere
576 1241 677 1296 efficax,

292 1315 339 1368 Ad
355 1331 425 1384 quse
443 1315 465 1368 ei
482 1331 611 1383 properes
626 1317 733 1384 gaudie,
751 1332 813 1370 cum
830 1321 878 1372 tue

290 1390 379 1443 Velox
395 1405 491 1450 merce¹
501 1391 580 1446 veui:
598 1407 651 1445 nen
669 1409 719 1460 ege
735 1396 765 1446 te
782 1393 851 1447 meis

291 1465 443 1519 Immunem
460 1465 579 1518 mediter
595 1467 702 1534 tingere
719 1467 829 1537 poculis,

325 1540 408 1594 Plena
424 1540 501 1594 dives
517 1543 549 1594 ut
565 1540 595 1594 in
611 1541 700 1596 domo.

157 1655 160 1662 r
197 1619 199 1622 ·
290 1615 394 1668 Verum
410 1631 481 1684 pone
497 1631 587 1669 mores
604 1615 772 1670 et‘studium
789 1617 865 1685 lucri,

289 1690 314 1743 N
317 1689 487 1758 igrorumquc
504 1705 613 1757 memor,
631 1690 697 1744 dum
713 1691 785 1758 licet,
801 1692 904 1760 ignium

290 1764 374 1818 Misce
387 1764 533 1822 ‚stultitiam
551 1765 666 1818 consiliis
682 1765 808 1822 brevem:

322 1838 409 1892 Dulce
426 1842 469 1894 est
485 1839 609 1908 desipere
626 1840 654 1893 in
671 1841 737 1896 leco.

530 1981 615 2036 XIII.

289 2061 447 2130 Aunmnnu,
466 2061 542 2131 Lyce,
560 2064 588 2117 di
606 2081 667 2120 mee
683 2067 753 2130 vota,
771 2065 829 2120 di
899 2089 900 2092 ¹

289 2137 435 2204 Audivere,
453 2137 537 2206 Lyce:
555 2139 587 2192 fis
604 2156 679 2209 enus,
696 2143 834 2195 ettamen

322 2211 372 2264 Vis
388 2213 506 2267 fonnose
521 2213 609 2268 rideri
682 2240 684 2248 ¹

355 2280 495 2348 Ludieque
513 2285 542 2334 et
559 2281 630 2336 bibis
647 2282 791 2351 impudens

288 2354 324 2407 Et
312 2358 423 2408 tcantu
438 2355 554 2412 tremulo
571 2359 636 2423 pete
654 2357 815 2424 Cupidinem

289 2429 405 2482 Lentum
423 2429 558 2484 sollicitas.
593 2431 648 2484 llle
662 2432 775 2485 virentis
792 2436 821 2486 et

321 2503 425 2556 Doctae
441 2505 558 2571 psallere
576 2503 660 2558 Chiae

355 2577 479 2644 Pulchris
496 2577 613 2633 excubat
629 2580 658 2632 in
675 2582 758 2648 genis.

287 2652 463 2720 Importunus
479 2654 552 2716 enim
569 2657 718 2710 transvolat
736 2657 827 2712 arides

286 2727 414 2796 Quercue,
432 2731 461 2782 et
477 2728 578 2796 refugit
595 2733 625 2784 te
642 2731 706 2800 quin
723 2733 806 2786 luridi

318 2802 431 2869 Dentes,
448 2806 477 2856 te
495 2804 559 2871 quia
575 2820 659 2872 rugae

353 2876 474 2944 Turpent
491 2881 520 2930 ct
537 2879 633 2944 cepitis
650 2881 732 2934 nives,

284 2949 344 3005 Nec
362 2951 433 3004 Oeae
450 2967 480 3003 re
482 2952 597 3004 f'erunt
584 2969 644 3018 Jam
660 2953 713 3006 tibi
730 2970 872 3021 purpurae

285 3024 344 3079 Nec
362 3025 428 3079 clari
444 3025 549 3092 lapides
567 3029 697 3094 tempere,
715 3043 785 3109 quse
803 3029 886 3082 semel

318 3099 399 3152 Not1s
416 3098 526 3151 conditu
540 3099 618 3151 fastis

354 3167 470 3251 lnclusit
483 3170 597 3225 volucris
614 3170 680 3231 dies.
