2276 3448
144 148 189 198 194
417 147 570 206 HORATII
587 153 717 202 FLACCI

37 291 49 310 .
143 224 209 280 Post
225 225 293 281 haec
309 227 356 282 ille
374 232 451 283 catus
468 233 641 299 quantumvis
653 231 784 286 rusticus:
803 233 818 262 “
824 233 889 299 Ibit,

143 300 201 355 Ibit
218 318 251 354 eo
269 319 322 370 quo
339 303 381 356 vis
398 304 445 372 qui
462 322 557 359 zonam
574 305 720 375 perdidit‚'’
738 305 834 375 inquit
966 323 991 364 rc

142 375 246 430 Romae
263 377 363 430 nutriri
380 379 451 432 mihi
465 381 586 448 contigit,
604 384 688 450 atque
704 381 797 436 doceri

143 450 236 505 Imtus
253 451 343 506 Graiis
361 457 493 522 quantum
510 456 646 510 nocuisset
664 455 795 512 Achilles.

143 525 280 593 Adjecere
297 525 383 582 bonae
400 529 481 598 paulo
498 530 559 597 plus
577 530 645 584 artis
663 529 798 594 Athenae,

143 599 253 656 Scilicet
269 605 301 657 ut
318 603 415 657 vellem
432 621 513 658 curvo
531 605 691 672 dignoscere
708 609 822 672 rectum,

144 677 238 746 Atque
255 676 328 731 inter
345 679 425 732 silvas
444 679 577 734 Academi
595 697 727 748 quaerere
745 697 847 735 scmus
968 697 992 736 rs

143 749 220 805 Dura
238 752 287 805 sed
304 769 429 808 emovere
446 755 565 815 loeomc
582 758 708 823 tempora
724 757 812 824 grato,

144 825 290 895 Civilisque
308 827 404 881 rudem
422 828 487 882 belli
505 829 571 883 tulit
588 834 680 884 aestus
697 830 725 882 in
743 847 837 884 arma

144 900 268 955 (lassaris
286 903 404 970 Augusti
421 920 475 958 non
492 920 655 973 responsura
671 904 764 958 lace'rt
745 909 787 958 t.1s

143 975 225 1031 Unde
242 977 321 1032 simul
338 978 456 1046 primum
474 995 518 1033 me
536 979 664 1034 dimisere
682 978 810 1048 Philippi,

143 1050 250 1106 Decisis
266 1053 395 1108 humilem
412 1055 508 1122 pennis
525 1055 686 1124 inopemque
703 1053 811 1124 paterni
968 1070 990 1110 so

99 1149 101 1154 ·
143 1126 181 1181 lit
197 1127 261 1182 laris
279 1131 308 1182 et
324 1129 409 1194 fundi,
427 1133 575 1198 paupertas
591 1129 701 1198 impulit
718 1129 815 1198 audax,

142 1201 184 1256 Ut
201 1219 294 1258 versus
310 1169 441 1258 facerein:
459 1204 509 1258 sed
526 1205 600 1274 quod
616 1221 670 1258 non
688 1205 760 1259 desit
776 1205 923 1260 habentem

144 1277 219 1342 Quae
235 1282 365 1346 poterunt
381 1295 504 1346 unquam
519 1280 585 1333 satis
602 1297 753 1351 expurgare
769 1281 880 1346 cicutae,

142 1351 180 1406 Ni
197 1353 293 1406 melius
311 1351 429 1406 dormire
445 1357 541 1420 putem
559 1370 640 1422 quam
658 1355 777 1410 scribere
794 1357 906 1410 versusl

143 1426 254 1494 Singula
270 1427 306 1480 de
322 1426 400 1480 nobis
417 1429 480 1480 anni
497 1429 665 1496 praedantur
683 1434 793 1496 euntes;

142 1502 275 1571 Eripuere
287 1501 372 1569 jocos,
389 1518 524 1568 venerem,
542 1503 671 1569 convivia,
689 1503 817 1570 ludum;.

141 1576 270 1631 'l'endunt
287 1580 450 1644 extorquere
468 1581 608 1645 podmata3
625 1579 693 1646 quid
708 1578 805 1650 faciam
822 1579 880 1633 visi

141 1650 267 1720 Denique
283 1668 338 1706 non
355 1668 449 1706 omnes
467 1652 563 1706 eadem
580 1653 714 1706 mirantur
730 1657 889 1720 amantque:

142 1726 269 1782 (larmine
284 1730 317 1782 tu
332 1727 444 1796 gaudes,
461 1726 505 1782 bic
523 1727 675 1782 delectatur
692 1727 797 1795 iambis,
1038 1783 1040 1786 .

142 1801 194 1856 Ille
211 1802 319 1856 Bioneis
337 1801 506 1856 sermonibus
524 1805 553 1856 et
571 1803 627 1856 sale
644 1803 729 1871 nigro.
965 1819 989 1856 eo

141 1877 209 1932 Tres
225 1877 292 1931 mihi
308 1877 435 1932 convivae
453 1893 538 1946 prope
556 1877 700 1932 dissentire
717 1877 851 1944 videntur,

141 1950 288 2007 Poscentes
304 1953 379 2006 vario
396 1953 514 2007 multum
531 1951 639 2006 diverse
655 1953 753 2021 palato.
918 1989 930 2010 .
1004 2013 1005 2016 ,

141 2027 214 2092 Quid
225 2027 307 2081 demi
324 2027 392 2095 quid
402 2044 457 2082 non
469 2027 549 2081 demi
566 2027 658 2080 renuis
669 2030 702 2081 tu
714 2027 788 2096 quod
794 2025 877 2096 jubet
889 2027 969 2092 altem

141 2101 222 2166 Quod
238 2101 310 2170 petis
327 2102 358 2154 id
375 2118 440 2156 sane
458 2102 526 2155 est
518 2101 635 2155 ruvisum
653 2102 814 2170 acidumque
833 2101 946 2156 duobus.

141 2177 255 2232 Praetor
272 2180 332 2230 eset
333 2175 380 2230 era
397 2192 442 2230 me
459 2175 597 2230 Romaene
614 2180 741 2244 podmata
758 2193 851 2231 censes
963 2191 988 2232 so

141 2252 266 2308 Scribere
283 2268 361 2320 posse
378 2251 451 2306 inter
467 2255 512 2306 tot
528 2267 607 2306 curas
625 2255 722 2320 totque
740 2251 862 2306 laboresl

13 2291 34 2374 s·
141 2329 195 2383 Hic
212 2344 339 2397 sponsum
356 2329 442 2394 vocat,
459 2326 505 2382 hic
521 2326 645 2380 auditum
663 2327 764 2396 scripta
781 2327 882 2382 relictis

141 2404 274 2458 Omnibus
291 2401 399 2468 officiis;
416 2401 498 2456 cubat
516 2401 559 2456 hic
577 2401 606 2455 in
623 2401 690 2456 colle
709 2403 821 2470 Quirini,

140 2479 196 2534 Hie
213 2483 335 2533 extremo
351 2477 380 2530 in
398 2479 543 2545 Ausinius,
561 2477 690 2531 visendus
708 2481 840 2544 uterque;

140 2553 289 2609 Intervalla
305 2551 382 2606 vides
398 2551 516 2606 humane
534 2551 681 2606 commoda.
702 2545 820 2605 'Verum
965 2567 987 2606 ri
1031 2603 1040 2616 ‚

140 2628 229 2684 Purae
247 2631 310 2682 sunt
326 2626 441 2696 plateae,
458 2627 526 2679 nihil
544 2631 575 2680 ut
592 2625 789 2680 meditantibus
807 2625 905 2680 obstet.
957 2680 963 2693 ,

140 2701 384 2759 Festinat'calidus
400 2701 481 2755 mulis
498 2701 654 2769 gerulisque
672 2701 837 2770 redemptor,

139 2779 260 2848 Torquet
277 2793 349 2830 nunc
365 2776 491 2844 lapidem,
509 2792 582 2829 nune
599 2775 695 2842 ingens
713 2775 839 2830 maehina
855 2776 969 2844 tigmer

140 2852 239 2908 Tristia
255 2849 375 2906 robustis
392 2851 531 2904 luctantur
549 2851 643 2904 funera
660 2851 805 2918 plaustris·

141 2925 202 2982 Hao
218 2926 326 2980 rabiosa
341 2925 413 2993 fugit
430 2925 509 2992 oanis,
527 2925 579 2978 hac
595 2923 730 2980 lutulenta
748 2927 804 2980 ruit
822 2942 880 2979 sus:
964 2939 988 2980 75

141 3000 156 3055 I
174 3017 249 3062 nunc
261 3005 291 3054 et
308 3016 402 3054 versus
419 3003 510 3053 tecum
527 2999 661 3053 meditare
678 3017 797 3054 canoros.

141 3074 309 3141 Scriptorum
325 3073 422 3126 chorus
440 3075 525 3127 omnis
543 3077 617 3126 amat
633 3090 730 3128 nemus
747 3079 777 3128 et
794 3076 866 3142 sugit
882 3074 989 3142 urbem,

141 3145 208 3201 ltitc
224 3146 307 3198 cliens
325 3147 424 3198 Bocchi
442 3163 534 3200 somno
551 3147 696 3214 gaudentis
713 3151 743 3202 et
760 3149 870 3204 umbra:
