2288 3444
151 200 196 250 llo
419 196 574 250 HORATII
590 196 720 248 FLAOOI

149 275 308 334 benevolae
323 279 353 334 in
369 280 459 334 medio
476 279 565 348 posita
581 281 610 332 et
626 277 758 343 fum'entia
774 275 889 346 captat.”

150 353 262 408 Hiscine
279 355 417 408 versiculis
435 369 528 422 speras
545 352 597 406 tibi
613 363 692 420 posse
709 351 816 406 dolores

150 429 245 498 Atque
263 433 354 482 aestus
372 445 505 498 curasque
521 443 617 495 graves
634 441 650 479 e
667 428 778 494 pectore
794 428 879 496 pellit
960 447 999 489 ue¹

149 503 248 557 Nonne
266 503 436 572 cupidinibus
454 505 558 556 statuat
574 504 673 555 natiue
689 499 801 554 modum
819 518 906 573 quern,

150 573 223 642 Quid
240 579 329 632 latura
346 577 397 630 sibi
415 577 483 645 quid
499 577 536 631 sit
553 576 671 630 dolitura
687 580 823 645 negatum,
913 577 915 584 ’

150 653 287 716 Quaerere
304 652 365 720 plus
381 651 494 720 prodest
511 655 541 706 et
557 651 638 706 inane
656 651 816 706 abscindere
833 653 928 710 soldol

149 727 224 780 Num
241 727 293 781 tibi
310 743 371 780 cum
388 725 479 780 fauces
495 728 551 780 urit
569 727 629 782 sitis
646 743 728 781 aurea
745 727 853 796 quaeris

151 801 265 856 Poculal
283 818 348 854 num
365 801 486 856 esuriens
503 802 611 856 fastidis
628 802 717 855 omnia
733 806 844 872 praeter
962 819 998 862 ns

150 875 285 930 Pavonem
293 876 502 946 rhombumquel
520 877 637 930 'fument
644 875 695 929 tibi
703 893 764 929 cum
772 877 964 946 iuguinn,nunr
972 880 997 932 si

150 951 258 1005 Ancilla
275 956 322 1016 aut
339 965 423 1005 verna
440 955 482 1005 est
499 955 608 1020 praesto
625 967 694 1020 puer
711 951 829 1020 impetus
847 952 876 1004 in
893 969 976 1020 quem

151 1025 285 1079 Continuo
303 1027 351 1080 fiat
369 1027 447 1080 malis
464 1026 598 1094 tentigine
614 1025 722 1094 rumpit

150 1093 177 1146 N
178 1109 212 1146 on
230 1111 295 1162 ego:
313 1111 430 1162 namque
446 1093 595 1162 parabilem
610 1109 671 1146 amo
686 1109 813 1147 venerem
827 1093 997 1164 facilemque,

151 1168 238 1234 Illam,
251 1169 339 1222 “Post
355 1169 456 1235 paulo,’'
473 1168 551 1222 “Sed
567 1168 675 1236 pluris,’'
689 1167 740 1221 “ai
758 1167 858 1222 exierit
876 1169 939 1236 vir,”
961 1187 996 1225 12⁰

151 1243 242 1310 Gallis,
260 1243 329 1296 hane
347 1243 522 1295 Philodemus
539 1243 578 1296 ait
595 1241 646 1296 sibi
664 1257 735 1311 quae
753 1257 843 1312 neque
860 1259 961 1312 magno

151 1318 213 1371 Stet
229 1319 318 1385 pretio
334 1333 424 1384 neque
440 1321 583 1371 crrnctetur
599 1333 660 1370 eum
678 1321 721 1372 est
734 1317 813 1384 jussa
826 1319 927 1373 venire.

150 1391 273 1444 Candida
289 1395 419 1459 rectaque
436 1391 487 1456 sit;
504 1391 606 1444 munde
620 1391 752 1446 hactenus
765 1395 798 1445 ut
811 1409 900 1462 neque
915 1394 998 1463 longa

150 1466 209 1519 Nee
226 1466 312 1532 magis
329 1465 391 1518 alba
408 1465 475 1519 velit
492 1482 574 1534 quam
591 1465 641 1520 dat
657 1467 756 1520 natura
772 1465 868 1520 videri.

151 1539 228 1594 Haec
240 1539 290 1594 ubi
309 1541 450 1608 supposuit
468 1539 565 1594 dextro
582 1557 681 1610 corpus
698 1541 765 1594 mihi
783 1541 890 1596 laevum
961 1557 998 1598 125

151 1615 203 1669 Ilia
219 1618 249 1668 et
266 1615 365 1683 Egeria
382 1617 440 1669 est:
458 1614 494 1668 do
511 1631 609 1668 nomen
626 1615 768 1684 quodlibet
785 1615 833 1684 illi,

150 1691 177 1744 N
178 1706 209 1744 ec
224 1707 320 1744 vereor
336 1706 371 1743 ne
388 1690 454 1743 dum
470 1690 547 1744 intuo
564 1690 606 1742 vir
622 1707 687 1744 rure
705 1694 836 1758 recurrat,
849 1732 851 1740 .

149 1765 242 1830 ¹lanua
257 1766 404 1833 frangatur,
421 1765 504 1818 latret
521 1765 602 1832 canis,
620 1765 743 1834 undique
760 1782 858 1833 magno

150 1838 233 1894 Pulsa
249 1841 346 1894 domus
363 1840 482 1907 strepitu
499 1843 615 1907 resonet,
633 1839 770 1908 vepallida
787 1841 859 1895 lecto

150 1913 266 1970 Desiliat
282 1915 386 1980 mulier,
404 1915 529 1967 miseram
547 1931 577 1967 se
593 1916 700 1968 conscie
716 1916 821 1983 clamet,
962 1933 996 1974 rso

151 1991 282 2045 Gruribns
299 1991 366 2043 haec
382 1992 494 2056 metuat,
513 1989 571 2043 doti
589 1989 730 2058 deprensa,
748 1995 856 2059 egomet
874 1993 919 2046 mi.

150 2066 289 2120 Diseineta
305 2064 398 2119 tunica
413 2064 573 2131 fugiendum
591 2068 633 2118 est
650 2081 682 2118 ac
698 2065 770 2133 pede
786 2065 867 2133 nudo,

151 2142 178 2194 N
180 2158 195 2194 e
212 2140 314 2194 nummi
330 2139 444 2208 pereant
460 2141 509 2192 aut
525 2155 598 2206 puga
614 2142 663 2193 aut
681 2140 798 2208 denique
815 2141 893 2194 fama

151 2215 291 2285 Deprendi
308 2214 437 2290 miserum
454 2215 516 2278 est;
534 2213 619 2267 llabio
636 2214 679 2268 vel
692 2213 788 2283 judice
804 2216 916 2271 tineam.

546 2355 601 2408 ru.
626 2331 630 2340 ’

152 2437 281 2492 Olaurum
298 2437 349 2492 hoe
366 2437 461 2491 vitium
481 2442 524 2490 est
542 2437 702 2504 curatoribus,
720 2436 795 2492 inter
811 2437 911 2493 anricus

151 2513 192 2567 Ut
208 2529 345 2580 nunquam
361 2513 491 2566 inducant
509 2513 630 2566 animum
646 2516 757 2566 eantare
775 2514 871 2580 rogati,

151 2587 253 2656 Iujussi
269 2602 407 2654 nunquam
424 2586 565 2640 desistant.
601 2585 703 2640 Sardus
720 2587 841 2642 habebat

151 2662 203 2716 Ille
221 2660 349 2728 Tigellius
364 2659 430 2722 hoe:
448 2659 556 2727 Caesar,
574 2661 621 2728 qui
638 2677 735 2729 cogere
752 2666 852 2732 posset,

151 2735 181 2788 Si
197 2737 305 2802 peteret
322 2749 371 2800 per
387 2733 533 2788 amicitiam
549 2735 637 2802 patris
654 2739 738 2804 atque
755 2753 832 2791 suam
849 2753 903 2792 non
980 2757 995 2798 a

152 2808 306 2876 Quidquam
323 2807 484 2874 proficeret;
501 2807 525 2861 si
542 2807 707 2864 collibuisset
723 2810 759 2864 ab
775 2828 825 2866 ovo

151 2883 246 2949 Usque
263 2881 299 2934 ad
315 2881 386 2934 mala
402 2881 507 2948 citaret,
527 2881 559 2935 Io
577 2881 698 2938 Bacche!
716 2885 797 2938 modo
815 2903 921 2940 summa

152 2956 233 3020 Voce,
250 2955 330 3008 ruodo
346 2955 397 3009 hac
414 2960 524 3010 resonat
541 2973 610 3025 quae
628 2957 734 3012 chordis
753 2965 884 3027 quattuor
900 2963 963 3018 ima.

152 3029 199 3082 Nil
215 3030 328 3097 aequale
346 3031 446 3084 homini
463 3031 516 3085 fuit
533 3031 589 3096 illi;
608 3047 688 3098 saepe
705 3033 782 3086 velut
800 3037 847 3102 qui

153 3102 288 3157 (inurebat
304 3104 410 3171 fugiens
427 3106 539 3169 hostem,
556 3121 688 3173 persaepe
704 3107 779 3160 velut
796 3111 844 3176 qui
977 3127 999 3167 ra

127 3197 131 3206 ·
152 3177 269 3231 lunonis
287 3192 362 3232 saera
378 3179 463 3232 lerret
472 3199 480 3244 ;
497 3179 617 3234 habebat
634 3195 716 3247 saepe
733 3179 871 3248 ducentos,
