2288 3444
427 167 642 230 sarmnaom
658 179 679 229 1.
700 167 725 228 t:
951 171 997 237 rit

82 309 93 332 ‚
153 256 177 311 0
194 259 242 328 qui
259 257 415 328 complexus
432 263 461 314 et
477 259 578 328 madia
594 261 697 328 quanta
712 258 840 316 fuerunt!

151 331 198 385 Nil
216 349 268 400 ego
285 333 446 387 contulerim
459 333 582 402 jucundo
600 349 681 388 sanus
698 334 793 388 amico.
838 357 844 374 ·

148 404 280 461 vProuima
297 407 434 477 Campano
451 410 529 478 ponti
546 426 616 478 quae
633 409 732 476 villula
749 412 853 464 tectum
972 421 995 459 tt

151 481 290 550 Praebuit,
308 487 338 538 et
354 484 463 552 parochi
481 501 550 553 quae
567 483 670 539 debent
686 483 761 553 ligna
778 485 923 556 salemque.

151 555 226 610 Hine
241 557 308 612 muli
326 558 435 628 Capuae
452 559 567 614 clitellas
584 563 708 628 tempore
724 562 838 628 ponunt
992 631 993 634 Ἰ

152 630 254 686 Lusum
271 633 295 686 it
312 633 463 702 Maecenas,
481 634 629 688 dormitum
646 651 696 702 ego
714 635 913 704 virgiliusque

92 741 97 751 ·
150 705 278 776 Namque
294 708 349 776 pila
363 709 445 778 lippis
461 709 599 764 iuimicruu
616 713 646 764 et
662 711 758 766 ludere
775 711 874 768 crudis.

135 780 225 836 -liiuc
242 798 291 836 nos
308 783 414 854 Coepeii
430 785 528 854 recipit
544 782 699 853 plenissima
715 785 779 840 villa
974 805 997 844 eo

151 855 229 921 Quae
246 862 389 926 superest
406 859 494 914 Caudi
511 875 653 930 cauponas.
687 861 714 914 N
716 877 768 915 unc
785 861 852 916 mihi
868 863 961 933 paucis

150 931 288 986 Sarmenti
306 949 415 989 murrae
431 951 548 1004 pugnam
567 935 707 1004 Messique
725 936 848 1005 (iicirrhi,

150 1007 239 1076 Musa,
257 1008 338 1062 velim
355 1025 497 1078 memores,
514 1014 544 1064 at
561 1027 616 1078 quo
631 1015 711 1080 patre
727 1015 809 1065 natus
826 1015 942 1082 uterque

150 1081 305 1138 Contulerit
321 1085 391 1140 lites.
425 1083 509 1140 Messi
526 1085 627 1139 clarum
644 1102 730 1154 genus
747 1086 825 1153 0sci;

149 1157 287 1212 Sarmenti
304 1159 414 1214 domina
430 1163 535 1215 exstat:
552 1160 587 1214 ab
604 1161 646 1214 his
663 1161 810 1230 majoribus
827 1163 881 1218 orti
975 1183 993 1218 a

150 1233 200 1287 Ad
216 1242 333 1302 pugnam
350 1251 456 1290 venere.
490 1235 569 1289 Prior
586 1235 759 1292 Sarmentus:
778 1237 868 1308 “Equi
884 1243 915 1294 te

149 1307 219 1362 Esse
236 1309 287 1363 feri
305 1310 419 1364 similem
436 1308 518 1364 ‘licei’
553 1310 684 1365 Ridemus
701 1315 731 1367 et
747 1312 805 1380 ipse

150 1383 270 1438 Messius
287 1385 445 1456 “Accipio''
463 1388 544 1454 eaput
560 1390 590 1441 et
606 1389 703 1441 moret.
738 1388 793 1456 “O,
810 1391 859 1443 tua
875 1405 960 1445 cornu

149 1455 189 1512 Ni
205 1459 277 1514 foret
293 1464 402 1516 exsecto
420 1461 514 1528 stone?
530 1460 627 1530 inquit,
645 1462 731 1531 “quid
747 1463 856 1531 laceres,
874 1481 936 1520 cum

150 1533 196 1588 Sic
212 1535 323 1589 mutilus
340 1534 505 1590 miniterisl”
542 1536 583 1590 At
599 1537 639 1590 illi
656 1537 737 1590 foeda
754 1538 863 1594 cicatrix
973 1557 996 1594 aa

150 1609 274 1664 letosam
290 1611 360 1664 laevi
375 1611 493 1666 frontem
508 1614 668 1681 turpaverat
683 1613 745 1666 oria
852 1617 855 1622 '
1018 1642 1034 1680 ρ

149 1684 317 1755 Campanum
333 1685 362 1739 in
379 1686 511 1755 morbum,
528 1687 670 1740 infaciem
687 1687 823 1756 permulta
834 1687 950 1757 jocatus,

149 1759 294 1816 Pastorem
311 1762 427 1816 saltaret
441 1763 484 1816 uti
501 1763 619 1832 Cyclopa
635 1763 765 1830 rogabat:
885 1768 891 1777 '

148 1835 176 1890 N
177 1835 197 1889 il
214 1836 255 1890 illi
271 1836 345 1890 larva
362 1840 411 1892 aut
428 1837 540 1906 tragicis
557 1853 626 1907 opus
642 1854 702 1892 esse
720 1838 864 1894 cothurnis
881 1873 884 1882 .

148 1911 240 1967 Multa
256 1909 394 1967 Cicirrius
411 1913 548 1969 adhaec:
565 1913 700 1968 Donasset
713 1913 807 1982 jamne
824 1918 947 1989 catenam
968 1933 991 1973 oe

148 1987 192 2040 Ex
208 1990 272 2042 voto
290 1985 412 2057 boribus,
430 1987 594 2057 quaerebat;
611 1989 700 2042 scriba
717 1990 791 2058 quod
810 1996 891 2062 esset,
994 2050 997 2054 ,

147 2059 242 2116 Nihilo
259 2061 524 2118 deterius'dominae
536 2063 584 2131 jus
600 2080 667 2118 esse.
702 2063 826 2132 Rogabat
933 2103 935 2108 -

148 2136 273 2208 Denique
290 2155 339 2192 cur
355 2155 475 2208 uuquam
491 2139 613 2208 fugisset,
630 2139 674 2193 cui
691 2141 758 2194 satis
774 2157 829 2194 una

148 2212 241 2267 Farris
258 2213 327 2268 libra
343 2213 415 2268 foret
433 2213 527 2282 gracili
544 2215 710 2284 elatamque
727 2215 831 2284 pusillo.

148 2287 264 2342 Prorsus
277 2289 399 2357 jucunde
416 2306 527 2343 coenam
544 2290 721 2358 produximus
738 2290 820 2344 illam.
914 2288 916 2300 ‘
962 2305 986 2344 ro

147 2361 295 2418 Tendimus
312 2365 375 2419 hino
393 2369 469 2419 recta
487 2365 682 2431 Beneventum,
700 2363 748 2417 ubi
766 2364 876 2418 sedulus
893 2366 991 2436 hospes

148 2439 238 2495 Paene
253 2457 357 2494 macros
373 2441 441 2495 arsit
458 2440 524 2494 dum
541 2438 637 2494 turdos
654 2443 746 2492 versat
762 2439 791 2492 in
808 2439 881 2506 igni,

147 2515 219 2569 Nam
236 2531 308 2584 vaga·
320 2532 369 2584 per
386 2520 508 2570 veterem
525 2514 629 2584 dilapso
646 2513 755 2568 flamma
771 2514 887 2568 culinam

147 2589 270 2644 Vulcano
286 2607 419 2644 sturmium
436 2589 601 2660 properabat
617 2588 739 2644 lambere
755 2593 865 2647 tectum.

146 2665 278 2721 Convivas
294 2665 388 2720 avidos
404 2683 515 2720 coenam
531 2681 677 2735 servosque
694 2665 824 2721 timentes
967 2679 991 2722 τε

145 2739 215 2796 lum
231 2757 336 2811 rapere,
353 2744 436 2810 atque
453 2758 545 2796 omnes
562 2743 733 2810 restinguere
749 2741 819 2796 velle
835 2740 948 2796 videres.

146 2817 248 2886 [ncipit
264 2833 300 2871 ex
315 2817 363 2870 illo
380 2821 486 2882 montes
504 2818 606 2887 Apulia
622 2821 702 2872 notos

144 2892 292 2947 Ostentare
308 2892 383 2960 mihi,
402 2909 470 2962 quos
486 2896 575 2946 torret
595 2891 730 2946 Atabulus
747 2895 777 2946 et
794 2907 861 2960 quos

143 2965 292 3038 Nunquam
310 2983 466 3036 erepsemus
483 2967 536 3019 nisi
553 2981 602 3019 nos
618 2967 706 3020 vicina
722 2965 819 3018 Trivici
859 2991 862 2996 ·

143 3040 218 3097 Villa
234 3043 389 3112 recepisset,
406 3041 546 3095 lacrimoso
563 3056 618 3092 non
635 3041 692 3092 siue
708 3039 790 3106 fumo,
971 3045 994 3084 ⁸0

142 3117 222 3173 Udos
239 3127 307 3178 cum*
318 3117 390 3170 toliis
406 3131 496 3170 ramos
512 3117 609 3167 urente
625 3114 737 3167 camino.

143 3193 199 3250 Hic
217 3199 268 3264 e'go
285 3192 445 3248 mordacem
462 3187 741 3258 stultissimususque
758 3187 876 3255 puellam
988 3203 1002 3212 -’
