2276 3448
408 205 622 257 eumanum
637 205 675 256 11.
694 207 716 256 3.
936 201 981 290 lll

140 284 220 350 Quod
236 285 308 340 latus
325 289 373 340 aut
390 301 469 340 renes
486 286 581 340 morbo
598 288 740 340 tentantur
756 287 841 339 acute.

138 359 166 412 N
167 377 201 413 on
218 363 261 413 est
277 359 402 428 perjurus
419 377 508 430 neque
526 361 665 426 sordidus;
682 361 803 414 immolet
819 358 913 428 aequis

138 433 194 486 Hic
210 448 320 502 porcum
339 435 470 488 Laribus:
487 451 581 488 verum
598 433 757 489 ambitiosus
775 439 803 489 et
821 435 923 499 audax;
945 448 977 488 ms
1007 483 1013 496 ,,

137 507 256 576 Naviget
275 510 439 576 Anticyram.
477 509 550 572 Quid
567 511 638 562 enim
657 511 748 564 differt
765 510 928 563 barathrone

137 581 230 636 Dones
248 583 382 652 quidquid
399 584 483 638 hebes
500 601 534 637 an
552 591 689 652 nunquam
706 589 786 638 utare
802 586 923 652 paratisl
1008 619 1012 628 ι

137 656 246 710 Servius
265 657 398 726 Oppidius
417 659 517 712 Canusi
536 659 589 712 due
607 659 725 726 praedia,
744 659 820 712 dives

137 733 259 800 Antiquo
277 747 366 800 ceusu,
384 733 474 800 gnatis
492 733 590 786 divisse
610 733 715 786 duobus
814 743 820 756 '

136 805 238 859 Fertur
255 809 284 859 et
301 806 351 860 hoc
367 807 484 860 moriens
501 808 593 875 pueris
612 807 712 860 dixisse
729 808 832 862 uocatis
948 823 980 863 ιιι
1028 811 1032 817 ’

136 880 184 933 Ad
200 881 312 936 lectum:
332 882 479 948 Postquam
496 882 619 948 tutelas,
639 881 717 948 Aule,
735 898 871 952 nucesque

136 953 220 1008 Perre
238 955 298 1008 sinu
315 956 384 1022 laxo,
404 956 505 1008 donare
523 959 552 1009 et
570 956 664 1009 ludere
682 955 745 1024 ridi,

136 1029 181 1096 Te,
200 1030 297 1096 Tiberi,
314 1045 464 1098 numerare,
482 1029 553 1083 caris
571 1029 737 1084 abscondere
754 1032 877 1097 tristem

136 1103 258 1157 lixtimui
275 1122 309 1158 ne
326 1121 374 1157 vos
391 1108 485 1171 ageret
497 1105 611 1158 ‘vesania
630 1104 740 1173 discors,

135 1179 177 1231 'Pu
194 1179 400 1246 Nomentanum,
413 1183 445 1232 tu
461 1195 496 1232 ne
515 1195 659 1247 sequerere
679 1179 807 1235 Cicutam.
945 1195 979 1234 ιιι
1044 1239 1048 1248 ,
1068 1218 1070 1222 ⁴

136 1253 225 1316 Quare
241 1271 292 1322 per
309 1253 385 1306 dives
403 1255 496 1306 oratus
514 1256 630 1321 uterque
649 1253 773 1318 Penates,
800 1281 803 1288 v

135 1327 176 1380 'Pu
193 1345 257 1382 cave
274 1328 436 1395 numianus,
454 1331 487 1381 tu
503 1345 537 1380 ne
555 1328 643 1396 majus
661 1329 743 1381 iacias
760 1329 790 1382 id

134 1402 214 1467 Quod
231 1403 296 1456 satis
314 1418 373 1454 esse
390 1407 470 1470 putot
487 1407 568 1471 pater
585 1407 614 1456 et
631 1406 729 1456 natura
745 1407 857 1458 coercet

134 1475 282 1530 Praeterea
298 1493 333 1529 ne
350 1493 397 1529 ves
416 1477 510 1530 titillet
530 1477 622 1530 Gloria
636 1477 700 1544 jure

132 1551 257 1605 durande
275 1551 440 1618 obstringam
457 1551 552 1605 ambo:
569 1555 632 1604 uter
649 1551 745 1604 aedilis
762 1551 878 1606 fueritve
944 1569 977 1609 rte

132 1625 265 1680 Vestrum
281 1630 397 1694 praetor,
415 1626 439 1678 is
456 1625 620 1680 intestabilis
638 1630 667 1680 et
685 1641 760 1682 sacer
777 1630 843 1680 esto.

133 1701 168 1755 Ia
185 1703 271 1756 cicere
289 1703 372 1769 atque
389 1700 452 1753 faba
469 1699 540 1754 bona
557 1703 590 1754 tu
606 1700 760 1770 perdasque
777 1701 882 1769 lupinis,

132 1778 218 1831 Latus
235 1779 267 1829 ut
284 1776 312 1828 in
331 1775 409 1829 Circo
428 1775 545 1844 spatiere
564 1779 592 1829 et
610 1780 711 1830 cineus
727 1779 759 1829 ut
777 1780 840 1844 stes,

70 1873 82 1894 ·
131 1851 231 1904 Nudus
248 1850 325 1918 agris,
343 1850 433 1902 nudus
450 1850 575 1918 nummis,
593 1850 694 1918 insane,
712 1852 848 1919 paternis;

132 1926 240 1979 Scilicet
256 1929 289 1978 ut
306 1923 415 1992 plausus
433 1941 500 1992 quos
517 1925 572 1978 fert
590 1925 713 1994 Agrippa
730 1927 802 1979 feras
818 1929 856 1992 tu,
884 1938 889 1952 ·
943 1941 977 1982 iss

132 2004 237 2055 Astuta
253 2001 400 2067 ingenuum
417 1999 511 2066 uulpes
528 1999 636 2054 imitata
652 2001 764 2054 leonem.

131 2076 172 2128 ‘N
174 2093 190 2128 s
208 2075 268 2144 quis
286 2075 411 2127 humasse
428 2074 495 2127 velit
513 2075 635 2143 Ajacem,
653 2076 761 2144 Atrida,
778 2079 854 2130 vetas
871 2078 945 2132 curi’

131 2151 207 2204 ‘Rex
225 2149 299 2203 sum?
330 2149 391 2201 ‘Nil
408 2148 481 2202 ultra
499 2166 599 2218 quaero
616 2150 752 2218 plebeius?
782 2153 833 2206 ‘nt
850 2169 964 2222 aequam

131 2225 202 2278 Rem
218 2224 360 2293 imperito;
377 2229 410 2276 'ac
427 2223 450 2276 si
467 2224 511 2276 cui
527 2225 622 2278 videor
638 2241 691 2278 non
703 2225 803 2294 justus,
820 2227 907 2282 inulto

130 2299 228 2353 Dicere
245 2299 320 2368 quod
338 2299 421 2352 sentit
438 2299 582 2366 permitto?
617 2299 752 2354 ‘Maxime
768 2318 872 2368 regum,
942 2319 975 2358 reo

130 2374 167 2427 Di
183 2373 236 2427 tibi
254 2374 322 2428 dent
339 2376 418 2442 capta
435 2374 547 2427 classem
566 2373 701 2426 deducere
719 2374 815 2442 Trojai,

130 2449 203 2516 Ergo
219 2448 360 2502 consulere
378 2451 407 2501 et
423 2463 486 2502 mox
503 2447 668 2516 respondere
685 2448 778 2502 licebit
788 2450 805 2504 l'

130 2524 275 2578 ‘Consule’
307 2523 378 2577 ‘Cur
395 2523 476 2590 Ajax,
494 2523 574 2576 heros
591 2523 626 2574 ab
645 2522 757 2576 Achille
770 2525 912 2596 secundus,

131 2597 255 2654 Putescit
270 2597 354 2652 toties
372 2599 489 2651 servatis
506 2598 593 2650 clarus
612 2598 729 2664 Achivis,

130 2673 257 2727 Gaudeat
273 2677 306 2728 ut
323 2673 437 2741 populus
456 2671 556 2726 Priami
575 2671 753 2741 Priamusque
770 2673 919 2732 inhumato,
943 2691 976 2730 iss

129 2748 184 2801 Per
201 2765 283 2816 quem
301 2751 344 2801 tot
356 2745 474 2814 juvenes
492 2747 582 2816 patrie
599 2763 711 2800 caruere
729 2749 877 2816 sepulcrol'

131 2823 222 2876 ‘Mille
239 2823 329 2876 ovium
347 2822 458 2874 insanus
475 2821 557 2874 morti
575 2821 660 2888 dedit,
678 2821 801 2876 inclitum
819 2824 917 2878 Ulixen

128 2897 167 2952 nt
184 2897 341 2950 Menelaum
358 2913 413 2948 una
429 2891 538 2948 meeum
554 2911 584 2948 se
601 2895 726 2948 occidere
743 2897 873 2951 clamans?

128 2973 186 3026 ‘Tu
202 2989 264 3026 cum
281 2987 333 3040 pre
349 2970 435 3023 vitula
452 2968 549 3021 statuis
570 2968 676 3021 dulcem
695 2969 797 3023 Aulide
814 2975 907 3025 natam

128 3049 204 3102 Ante
221 3062 283 3100 aras
303 3044 460 3112 spargisque
477 3041 549 3093 mola
566 3044 654 3107 caput,
672 3041 805 3108 improbe,
823 3045 898 3114 salsa,
940 3060 975 3099 reo

128 3122 246 3177 Rectum
275 3118 358 3173 animi
385 3129 478 3170 servas
486 3114 547 3169 l’-‘
557 3114 691 3186 Quorsum
701 3116 762 3169 l’-‘
769 3117 882 3170 Insanus
910 3117 976 3186 quid

197 3197 270 3251 euim
292 3193 363 3276 Ajax
