2288 3444
320 157 526 242 csRsssNUM
542 157 596 208 111.
614 160 653 218 22,
671 159 710 219 23,
729 159 769 208 24.
928 167 955 220 61

494 311 591 367 XXII.

257 396 394 450 Mnemon
411 398 503 448 custos
519 409 722 463 nemorumque,
741 395 833 463 Virgo,

257 471 333 535 Quae
350 470 504 524 laborantes
521 474 600 523 utero
617 470 721 538 puellas

256 545 311 601 'fer
327 549 422 598 vocata
439 545 518 598 audis
534 543 686 612 adimisque
703 545 765 612 leto¹

291 619 362 672 Diva
378 619 519 685 triformis,

256 695 406 750 Inmrinens
423 693 502 748 villae
519 697 568 747 tua
583 694 663 762 pinus
681 698 746 760 esto,

256 770 345 834 Quam
361 785 412 838 per
429 771 539 822 exactos
556 785 607 836 ego
623 769 712 822 laetus
730 785 812 823 annos

255 843 352 901 Verris
369 843 507 910 obliquum
524 844 683 900 meditantis
699 844 784 898 ictum

286 917 422 985 Sanguine
439 917 544 971 donem.

376 1085 378 1092 γ
487 1023 607 1112 nunu

256 1138 351 1194 omno
369 1140 477 1208 supinas
494 1141 518 1192 si
535 1139 631 1194 tuleris
648 1153 742 1192 mauus

143 1275 147 1284 ,
256 1214 392 1269 Nasoeutc
410 1215 494 1282 Luna,
511 1215 613 1268 rustica
631 1213 752 1282 Phidyle,

290 1289 320 1345 Si
337 1291 418 1344 thure
435 1290 550 1360 placaris
568 1288 597 1343 et
614 1289 702 1342 hornev

324 1365 414 1432 Fruge
433 1365 517 1418 Lares
535 1364 668 1433 avidaque
685 1379 774 1432 porea,

255 1439 283 1493 N
284 1455 315 1493 ec
331 1441 504 1507 pestilentem
522 1439 624 1494 sentiet
642 1438 767 1492 Africum

256 1515 385 1569 Fecunda
402 1515 466 1567 vitis
482 1530 533 1567 nec
550 1513 671 1568 sterilem
688 1527 766 1580 seges

290 1587 517 1656 Robiginem'aut
534 1588 627 1640 dulces
643 1587 745 1640 alumni
794 1615 798 1624 ·

325 1663 460 1716 Pomifero
476 1677 560 1730 greve
578 1665 685 1730 tempus
702 1675 780 1714 auno.

255 1737 327 1791 Nam
345 1753 416 1805 quae
433 1737 515 1790 nivali
532 1736 653 1804 pascitur
671 1735 774 1803 Algido

256 1812 363 1867 Devota
380 1827 495 1880 quercus
504 1811 585 1874 inter
601 1813 631 1864 et
646 1809 721 1864 ilices

290 1889 351 1942 Aut
368 1887 466 1941 crescit
484 1885 600 1941 Albanis
616 1885 646 1938 iu
662 1885 755 1940 herbis

323 1963 445 2016 Victima
460 1962 619 2030 pontificum
636 1977 746 2015 secures

256 2037 368 2091 (terrica
385 2038 497 2106 tinget:
508 2041 538 2091 te
555 2036 622 2090 nihil
639 2037 740 2090 attinet
838 2040 841 2044 ’

256 2112 373 2166 'lentare
390 2113 477 2167 multa
493 2110 577 2166 caede
593 2111 747 2165 bidentimu

291 2187 393 2240 Parvos
409 2191 582 2242 coronantem
599 2186 703 2239 marino
745 2197 746 2202 ’
841 2211 843 2219 1

324 2261 397 2315 Rore
414 2261 481 2316 deos
496 2261 641 2329 fragilique
658 2263 773 2328 myrto·

153 2383 157 2392 .
258 2335 389 2389 Immunis
406 2352 482 2390 aram
499 2336 523 2388 si
539 2335 633 2401 tetigit
649 2351 752 2400 manus,

155 2409 158 2416 '
257 2410 284 2464 N
286 2427 321 2463 on
338 2413 496 2478 sumptuosa
512 2409 637 2462 blandior
653 2407 742 2460 hostia

291 2485 409 2538 Mollivit
426 2499 535 2537 aversos
553 2483 670 2535 Penates

325 2557 409 2611 Ferre
425 2559 471 2626 pio
489 2561 518 2610 et
535 2555 648 2610 saliente
665 2557 740 2610 mica

495 2695 600 2750 XXIV.

258 2780 386 2835 qulouis
404 2777 557 2847 opulentior
836 2829 838 2834 ,

290 2853 433 2908 'thesauris
451 2849 576 2906 Arabum
593 2855 623 2907 et
639 2851 733 2906 divitis
751 2851 848 2906 Indiae

220 2979 222 2984 ,
257 2927 413 2984 Oacmeutis
429 2927 494 2982 lieet
510 2941 625 2995 occupes
741 2977 743 2984 Α

291 3003 460 3070 Tyrrhenum
477 3017 557 3055 omne
573 3001 629 3056 tuis
646 3003 767 3056 otmaro
785 2999 939 3070 Apulicum,

256 3077 286 3133 Si
303 3077 365 3145 tigit
381 3076 570 3132 adamantinos
951 3087 965 3128 e

291 3151 409 3206 Summis
425 3151 573 3206 verticibus
590 3149 651 3229 dira
668 3151 824 3206 Necessitas
