2276 3448
415 135 630 200 samareum
646 151 684 200 11.
704 155 726 202 a
949 151 994 202 na

148 231 223 285 Illud
240 231 315 284 idem
329 230 358 283 in
375 230 501 298 rapidum
519 231 619 285 flumen
634 232 774 300 jacerotve
791 234 925 291 cloacaml

148 305 243 368 Quinti
262 305 402 372 progenies
422 306 494 374 Arri,
513 323 563 374 par
580 307 670 361 nobile
687 309 810 377 fratrum,
904 307 910 318 '

147 379 280 447 Nequitia
297 388 326 434 et
342 381 421 447 nugis
438 397 584 448 pravorum
601 387 631 436 et
648 397 739 436 amore
757 385 908 452 gemellum,

147 455 287 509 Luscinias
305 455 378 509 soliti
396 457 517 523 impenso
534 457 669 525 prandere
687 463 831 528 coemptas,
957 473 993 514 rra

147 531 284 595 Quorsum
301 529 418 584 ebeantl
436 531 518 584 Sanin
536 535 618 599 creta,
635 549 671 586 au
688 533 805 588 carbone
821 535 949 590 notandil

147 605 304 660 Aedificare
321 622 404 673 casus,
422 605 547 673 plostello
564 607 714 676 adjungere
731 625 830 676 mures,

146 679 258 736 Ludere
274 697 324 751 par
340 682 435 748 impar,
453 681 577 748 equitare
594 681 623 734 in
640 682 772 736 arundine
790 683 877 752 longa,

146 755 176 809 si
194 773 276 825 quem
293 756 411 810 delectet
428 755 574 810 barbatum
591 757 710 810 amentia
726 762 824 812 verset.

146 831 179 888 Si,
193 831 323 900 puerilius
340 831 382 884 his
400 831 470 884 ratio
488 847 548 884 esso
566 832 671 886 evincet
688 849 785 899 aurare,
957 849 992 888 aro

145 907 173 960 N
174 923 206 960 ec
223 907 372 976 quidquam
389 907 500 962 differre
517 909 646 974 utrumne
663 909 691 960 in
711 909 822 976 pulvere
841 909 939 963 trimus

146 982 233 1046 Quale
249 983 324 1051 prius
341 982 420 1036 ludas
437 997 512 1049 opus,
531 998 566 1034 an
584 982 734 1036 meretricis
750 999 843 1036 amoro

146 1058 282 1112 Sollicitus
299 1057 397 1126 plores,
416 1073 518 1126 quaero
535 1056 652 1110 faciasne
670 1057 744 1124 qnod
761 1058 826 1111 olim

145 1133 271 1186 Mutatus
289 1133 432 1186 Polemoni
449 1148 534 1200 ponas
550 1132 667 1200 insignia
684 1132 779 1200 morbi,

145 1206 288 1275 Fasciolns,
306 1206 416 1274 cubital,
432 1207 535 1274 focalia
553 1211 635 1274 potus
652 1207 747 1260 utillo
824 1239 828 1248 .

145 1281 253 1336 Dicitur
270 1299 305 1337 ex
322 1281 391 1338 collo
408 1282 504 1336 furtim
522 1282 655 1350 carpsisse
673 1298 785 1336 coronas

145 1357 294 1425 Postquam
312 1360 355 1412 cst
371 1357 501 1426 impransi
513 1361 659 1426 ¹correptus
677 1375 741 1412 voce
758 1358 899 1426 magistr-ii

145 1431 266 1500 Porrigis
283 1433 352 1488 irata
367 1449 459 1501 puero·
472 1449 533 1486 cum
550 1449 631 1500 poma
648 1437 767 1488 recusat:

144 1507 235 1576 Sume,
254 1508 364 1562 catellel
382 1511 480 1576 negat3
498 1507 522 1560 si
540 1524 594 1560 non
613 1508 662 1562 des
680 1513 770 1577 optet:
787 1511 894 1563 amator

144 1581 277 1637 Exclusus
294 1583 341 1652 qui
359 1583 446 1638 distat
463 1583 522 1650 egit
538 1582 587 1636 ubi
605 1589 696 1636 secum
713 1587 759 1638 eat
775 1600 811 1636 an
828 1601 884 1637 non
959 1602 1009 1637 rsa.
1097 1596 1101 1606 ¹

144 1657 206 1722 Quo
223 1659 361 1713 rediturus
378 1661 439 1712 crat
456 1674 509 1711 non
527 1658 678 1719 arcessitus,
697 1661 726 1712 et
742 1657 838 1712 haeret

144 1733 245 1788 invisis
262 1733 379 1808 mribus?
397 1733 435 1786 ‘N
438 1749 468 1786 ec
486 1749 557 1786 niano
574 1749 636 1786 cum
654 1749 698 1786 me
716 1735 794 1786 voest
810 1733 883 1787 ultro

144 1809 299 1864 Accedaml
318 1825 352 1863 an
370 1809 462 1876 potius
479 1807 597 1862 mediter
614 1808 693 1862 finire
712 1807 835 1862 dolorssi

143 1884 283 1948 Exclusit3
300 1887 422 1938 revocat:
441 1883 569 1938 rodcaml
605 1881 669 1936 Non
687 1882 711 1935 si
727 1882 866 1938 obsecret!
902 1884 973 1938 Ecce

142 1959 246 2013 Servus
262 1975 316 2012 non
333 1957 413 2026 paulo
430 1958 593 2025 sapientior:
630 1956 665 2011 ‘O
683 1957 757 2026 here,
776 1975 846 2026 quae
864 1975 909 2012 res
955 1977 990 2016 aas

143 2035 171 2088 N
173 2051 205 2088 oc
221 2034 333 2088 modum
349 2033 433 2086 habet
449 2049 539 2102 noque
556 2033 695 2087 eonsilium
712 2031 817 2088 ratione
834 2035 970 2104 modoque

122 2111 126 2120 ’
142 2110 267 2164 'fructuri
283 2125 338 2163 non
354 2109 420 2163 vult
457 2109 491 2162 In
508 2125 600 2162 amorc
617 2109 683 2164 haec
697 2113 761 2165 sunt
777 2111 857 2178 mala,
870 2110 981 2180 bellum,

144 2185 204 2239 Pax
221 2201 342 2238 rursum:
360 2183 427 2238 haec
444 2184 467 2238 si
485 2184 546 2251 quis
564 2185 735 2252 tempestatis
751 2203 836 2254 prope
854 2187 908 2240 ritu

143 2260 259 2315 Mobilis
276 2263 306 2314 ct
323 2275 403 2314 caeca
420 2259 555 2312 fluitantia
573 2264 646 2314 sorte
666 2259 773 2314 laboret

111 2333 119 2348 '
144 2336 275 2390 Reddere
292 2337 368 2389 certa
385 2333 444 2400 sibi,
463 2333 547 2386 nihilo
564 2334 626 2401 plns
644 2334 762 2401 explicet
778 2351 811 2388 ac
827 2335 851 2390 si
955 2355 991 2395 270

144 2412 269 2466 insanire
284 2413 365 2480 paret
381 2412 458 2463 certa
475 2408 582 2462 ratione
599 2409 748 2475 modoque?

143 2487 225 2553 Quid,
242 2503 305 2540 eum
323 2485 429 2538 Picenis
446 2498 594 2550 excerpens
612 2483 715 2536 semina
731 2483 819 2552 pomis

142 2563 255 2616 Gaudes
273 2560 296 2614 si
314 2575 448 2613 canreram
465 2557 586 2627 percusti
602 2557 682 2624 forte,
699 2574 784 2626 penes
801 2563 830 2614 te
842 2564 889 2616 esl

143 2638 224 2704 Quid,
242 2653 304 2690 cum
321 2635 403 2688 balba
419 2635 485 2688 feris
502 2649 603 2687 annoso
620 2633 704 2687 verba
720 2634 818 2703 palato,

143 2712 318 2767 Aedificante
336 2726 412 2764 casas
430 2709 477 2777 qui
494 2708 600 2764 saniori
637 2708 719 2762 Adde
737 2727 860 2764 cruorem
953 2729 988 2768 sn

140 2787 284 2842 stultitiae
297 2790 381 2853 atque
393 2785 484 2853 ignem
496 2783 588 2852 gladio
600 2787 728 2838 scrutere.
764 2785 856 2852 Modo,
869 2786 987 2857 inquam,

142 2863 261 2916 Hellade
279 2876 407 2929 percusse
423 2858 528 2912 Marius
544 2875 607 2912 cum
623 2858 787 2927 praecipitet
804 2875 833 2913 se
850 2858 854 2864 '

140 2939 267 2993 Gemitus
284 2937 345 3002 fuit,
363 2953 398 2988 an
415 2937 564 2989 commotae
582 2933 694 2988 crimine
712 2933 812 2988 montis

69 3029 72 3036 ·
141 3013 278 3068 Absolres
295 3011 432 3064 hominem
449 3012 479 3063 et
496 3009 604 3061 sceleris
622 3009 763 3061 damnabis
781 3009 906 3082 eundem,

140 3089 184 3142 Ex
201 3104 277 3141 more
294 3085 438 3154 imponens
455 3087 569 3150 cognata
586 3083 716 3135 vocabula
732 3083 832 3142 rebusi
951 3103 987 3140 ase

139 3163 299 3220 Libertinos
317 3165 384 3227 crat,
402 3159 450 3228 qni
466 3159 567 3212 circum
584 3157 703 3242 compita
719 3157 807 3215 siccus
