2276 3448
160 197 208 247 168
433 195 586 248 HORATII
603 195 732 247 Fasces

162 275 370 345 Designaterem
387 273 499 331 decorat
515 275 655 330 lictoribus
672 277 748 344 atris,

161 351 234 405 Dum
252 351 346 421 pueris
361 352 447 405 omnis
465 355 545 420 pater
561 355 591 405 et
602 344 866 422 matercula'sallet,

161 426 340 495 officiosaque
358 426 490 480 sedulitas
508 430 537 479 et
555 425 643 494 opella
660 426 773 479 sorensis

162 502 285 555 Adducit
302 500 393 554 febres
405 505 441 554 'et
457 503 622 554 testamenta
638 501 767 568 resignat.

113 627 117 634 ,
163 576 265 640 Quodsi
282 576 379 630 bruma
395 576 471 630 nives
490 575 604 628 Albanis
621 575 709 629 illinet
722 575 806 642 agris,
985 595 1009 635 10

163 651 210 704 Ad
226 667 302 704 mare
320 649 469 708 descendet
485 653 563 703 vates
580 652 645 702 tuus
663 652 693 703 ct
710 649 762 702 sibi
779 653 874 718 parcet
971 693 974 697 .
1008 653 1013 660 '

163 725 377 793 Contactusque
394 725 483 792 leget;
499 728 536 792 te,
554 723 640 777 dulcis
658 723 750 796 amice,
769 725 870 779 reviset

162 800 231 853 Cum
249 800 386 868 Zephyris,
404 801 427 853 si
445 799 583 864 concedes,
601 802 631 852 et
647 798 791 852 hirundine
808 799 904 868 prima.

162 874 188 929 N
190 891 224 928 en
242 891 296 942 que
313 891 388 928 more
405 875 473 943 piris
490 874 564 927 vesci
582 873 697 926 Calaber
706 873 789 942 jubet
806 875 903 943 hospes

161 950 203 1004 'lu
219 966 263 1003 me
279 949 369 1002 fecisti
386 949 556 1017 locupletem.
592 947 732 1001 “Vescere
749 948 851 1002 sodes.'’
986 966 1009 1004 rs

162 1025 246 1078 “dam
257 1025 323 1078 satis
336 1025 400 1078 est.''-
424 1026 484 1077 “At
495 1027 527 1076 tu
539 1025 670 1091 quantum
679 1022 720 1075 vis
732 1023 821 1077 tollc.’'
842 1024 1008 1091 “Benigne’'

161 1099 206 1152 “N
208 1116 243 1152 on
260 1099 347 1152 invisa
363 1099 437 1152 feres
454 1097 546 1167 pueris
563 1097 722 1151 munuscula
738 1083 852 1166 parvrhl’

162 1175 248 1228 “Tam
264 1179 361 1228 teneor
378 1174 458 1242 done,
475 1189 557 1242 quam
575 1173 598 1224 si
617 1171 741 1226 dimittar
758 1175 892 1228 onustus‚”

162 1249 222 1303 “Ut
239 1249 321 1315 libet;
339 1248 407 1302 haee
423 1249 512 1316 porcis
529 1245 611 1300 hodie
629 1246 797 1301 comedenda
814 1249 972 1318 relinques'’

162 1324 297 1391 Prodigus
315 1326 344 1376 et
362 1323 463 1376 stultus
481 1322 565 1375 donat
583 1337 654 1389 quae
671 1322 777 1390 spernit
794 1327 823 1377 et
843 1324 915 1389 odit;
985 1341 1008 1379 ss

162 1399 334 1466 Haecseges
351 1397 472 1466 ingratos
489 1396 554 1451 tulit
572 1401 601 1450 et
617 1397 690 1450 ieret
706 1397 831 1451 omuibus
848 1399 932 1454 annis.

161 1473 213 1526 Vir
230 1472 316 1526 bouus
335 1475 365 1526 et
382 1473 492 1540 sapiens
509 1471 599 1539 dignis
616 1471 656 1525 ait
674 1487 734 1524 esse
750 1477 869 1540 paratus,

161 1548 188 1601 N
190 1565 221 1602 ee
238 1552 330 1602 tamen
348 1547 456 1616 ignorat
473 1547 541 1616 quid
559 1545 663 1600 distent
680 1563 744 1599 aera
761 1547 872 1616 lupinis:

162 1623 281 1692 Dignum
299 1622 444 1693 praestabo
462 1639 506 1676 me
524 1621 608 1675 etiam
625 1637 675 1690 pro
693 1621 774 1675 laude
791 1623 928 1678 merentis.

162 1698 266 1763 Quodsi
283 1715 327 1752 me
345 1697 420 1751 noles
438 1713 552 1765 usquam
572 1695 720 1764 discedere,
738 1697 839 1751 reddes
985 1714 1010 1753 aa

162 1774 246 1828 Forte
262 1775 341 1841 latus,
359 1773 451 1840 nigros
468 1775 584 1839 augusta
600 1771 691 1824 fronte
708 1772 825 1840 capillos,
903 1784 909 1794 ’

162 1848 273 1902 Reddes
292 1849 371 1903 dulce
389 1848 471 1916 loqui,
489 1846 591 1900 reddes
607 1846 699 1900 ridere
717 1847 851 1915 decorum
869 1852 899 1902 et

163 1924 242 1977 Inter
258 1923 321 1976 vina
337 1923 431 1991 fugam
450 1922 571 1976 Cinarae·
583 1937 706 1974 maerere
722 1925 879 1988 protervae.-

163 1998 246 2052 Forte
262 2014 312 2065 per
330 2001 473 2065 angustam
491 1997 580 2051 tenuis
598 1995 739 2065 vulpecula
755 1997 852 2058 rinsmn

163 2073 299 2140 Repserat
315 2071 343 2124 in
360 2087 497 2124 cumeram
513 2071 650 2138 frumenti,
669 2076 801 2140 pastaque
821 2089 916 2127 rursus
985 2091 1010 2129 so

163 2131 210 2201 fre
226 2147 298 2200 foras
315 2146 395 2214 plene
412 2145 545 2199 tendebat
562 2162 674 2214 corpore
691 2146 808 2213 iussim

98 2277 104 2288 ,
163 2221 214 2275 Cui
232 2220 348 2274 mustela
365 2221 466 2289 procul,
485 2220 537 2273 “Si
554 2220 618 2287 vis,''
636 2221 683 2287 ait,
703 2221 845 2290 “effugere
860 2221 956 2286 istinc„

162 2296 256 2350 Macra
272 2311 368 2364 cavum
385 2299 494 2364 repetes
511 2298 602 2348 artum
620 2311 701 2363 quem
718 2311 809 2350 macra
827 2297 946 2350 subisti.”

163 2371 224 2425 Hac
241 2387 292 2439 ego
309 2371 332 2424 si
349 2371 495 2439 compellor
512 2369 629 2438 imagine
646 2374 744 2424 cuncta
760 2371 881 2438 resigno;

162 2446 221 2500 Nec
238 2463 361 2502 somnum
377 2446 465 2514 plebis
482 2446 563 2500 laudo
581 2449 658 2499 satur
675 2446 798 2514 altilium,
816 2463 867 2500 nec
987 2463 1012 2503 at

163 2522 227 2576 Otia
243 2521 346 2576 divitiis
364 2521 488 2575 Arabum
505 2520 645 2574 liberrima
661 2525 744 2574 muto.

162 2595 249 2666 Saepe
265 2595 448 2651 verecundum
465 2595 590 2661 laudasti,
608 2611 712 2664 rexque
729 2598 864 2664 paterque

162 2671 276 2725 Audisti
293 2687 391 2737 coram,
409 2687 460 2724 nec
476 2669 559 2724 verbo
576 2669 684 2738 parcius
701 2669 813 2724 absens:

163 2746 272 2815 Inspice
287 2747 311 2800 si
328 2759 442 2814 possum·
455 2744 558 2798 donata
575 2759 708 2812 reponere
725 2744 820 2799 laetus.

163 2821 247 2874 Haud
263 2821 334 2874 male
352 2819 534 2884 Telemachus,
551 2818 640 2887 proles
657 2819 787 2887 patientis
805 2818 910 2873 Ulixei:
986 2836 1011 2874 so

163 2896 248 2948 “Non
266 2900 309 2950 est
326 2899 406 2964 aptus
424 2895 501 2963 equis
520 2893 616 2947 Ithace
633 2893 715 2962 locus,
733 2898 766 2949 ut
782 2911 871 2962 neque
888 2894 977 2962 planis

163 2967 307 3023 Porrectus
325 2969 419 3038 spatiis
436 2985 486 3022 nec
503 2967 605 3022 multae
622 2967 753 3036 prodigus
770 2969 887 3036 herbae;

163 3043 271 3111 Atride,
288 3044 376 3112 magis
392 3047 457 3111 apta
473 3043 526 3097 tibi
542 3046 591 3096 tua
609 3041 680 3096 dona
697 3043 871 3111 relinquam?

163 3108 281 3170 Parvum
298 3133 383 3186 parva
401 3119 513 3183 decent;
530 3117 598 3170 mihi
611 3115 671 3183 jam
689 3133 743 3169 nen
761 3119 838 3184 regia
857 3119 950 3186 Roma,

163 3185 219 3246 Sed
232 3185 348 3245 'vacuum
366 3191 450 3244 Tibur
466 3192 556 3259 placet
573 3195 622 3245 aut
639 3190 749 3245 imbelle
768 3192 924 3251 Tarentum.
987 3212 1013 3252 ss
