2268 3448
145 136 176 184 20
396 135 695 187 HORATII'FLAGGI

260 213 365 270 Doctus
382 215 628 286 sagittas-tendere
645 215 752 272 Sericas

262 293 337 346 Area
352 294 483 360 paterno?
518 291 585 356 Quis
601 295 685 358 neget
700 291 794 346 mdms
948 309 971 352 ιο

294 365 396 420 Pronos
413 366 499 421 relabi
515 383 595 436 posse
612 366 685 420 rivos

328 440 469 495 Montibus
485 444 515 495 et
532 441 651 495 Tiberim
667 440 777 506 reverti,

261 514 330 570 (lum
346 519 379 570 tu
396 519 534 584 coemptos
551 515 672 584 undique
688 513 787 569 nobilis

261 589 357 644 Libros
375 589 488 643 Panaeti
506 590 671 645 Socraticam
688 593 718 644 et
735 589 845 643 densum
992 652 995 660 1

293 663 403 718 Mutare
419 664 511 719 loricis
529 665 642 738 Hiberis
944 678 969 721 ts

328 737 467 794 Pollicitus
485 739 597 794 meliora
613 737 725 794 tean

262 961 285 1015 0
303 962 406 1028 Vanus
423 881 615 1032 regrnffgffrdi
633 963 782 1034 Paphique,

261 1037 365 1106 Sperne
382 1039 509 1094 dilectam
528 1040 641 1110 Cypron,
659 1045 689 1094 et
705 1039 825 1094 vocantis

261 1111 350 1167 'thure
367 1117 396 1168 te
412 1115 499 1170 multo
516 1114 646 1182 Glycerae
664 1115 789 1169 decoram

294 1188 422 1242 Transfer
439 1188 468 1241 in
485 1190 589 1243 aedem.

262 1260 395 1315 Fervidus
412 1266 503 1316 tecum
520 1279 590 1332 puer
606 1265 636 1317 et
653 1262 749 1318 solutis
952 1277 968 1321 s

261 1335 372 1390 Gratiae
388 1335 463 1390 zonis
479 1339 680 1407 properentque
697 1338 839 1407 Nymphae

260 1409 298 1464 llt
314 1427 410 1478 parum
427 1412 510 1466 comis
528 1412 585 1466 sine
602 1415 632 1468 te
649 1413 784 1468 luventas

293 1485 506 1557 Mercuriusque.
736 1531 737 1535 ,

491 1628 598 1685 XXXI.

260 1710 334 1774 Qurn
351 1710 506 1766 dedicatum
523 1712 612 1782 poscit
629 1712 785 1780 Apollinem

259 1784 365 1839 Vatesl
382 1785 450 1853 quid
467 1789 527 1839 orat
544 1786 580 1838 de
597 1790 694 1854 patera
709 1803 808 1840 novum

293 1857 422 1912 Fundens
438 1858 590 1926 liquorem?
625 1859 652 1910 N
653 1873 688 1910 011
705 1860 810 1926 opimae

327 1931 469 1985 Sardiniae
486 1935 593 2000 segetes
610 1931 721 2000 feraces,

267 2005 329 2060 Non
346 2009 486 2060 aestuosae
503 2009 582 2074 grata
599 2005 740 2061 Calabriae
954 2024 969 2067 s

261 2083 401 2146 Armenta,
419 2095 473 2133 non
489 2096 585 2134 aurum
602 2083 651 2134 aut
667 2080 736 2135 ebur
754 2082 886 2152 Indicum,

292 2155 355 2208 Non
372 2171 437 2208 rura
453 2171 524 2224 quae
542 2154 613 2208 Liris
630 2155 724 2223 quieta

327 2229 440 2284 Mordet
456 2245 528 2298 aqua
544 2229 697 2284 tacitrnnus
714 2234 806 2300 amnis,

259 2302 388 2358 Premant
405 2304 506 2358 Calena
522 2304 591 2358 falce
609 2305 708 2374 quibus
721 2307 805 2374 ¹dedit

202 2429 207 2438 ,
258 2377 379 2434 Fortuna
395 2379 487 2448 vitem,
505 2378 581 2445 (livea
598 2383 628 2434 et
645 2381 734 2436 aureis
945 2397 969 2439 ro

292 2454 430 2510 Mercator
447 2454 564 2510 exsiccet
580 2455 687 2509 culullis

325 2529 398 2583 Vina
416 2529 484 2599 Syra
500 2535 628 2600 reparata
643 2545 741 2599 merce,

257 2603 308 2658 Dis
325 2619 403 2657 aarum
419 2604 494 2672 ipsis,
512 2606 613 2672 quippe
630 2609 675 2658 ter
691 2609 721 2659 et
737 2608 835 2674 quator

258 2679 339 2730 Anno
356 2677 478 2730 revisens
495 2693 598 2746 aequor
615 2679 784 2733 Atlanticum

291 2752 416 2819 Impune.
450 2751 497 2804 Me
514 2754 629 2820 pascunt
645 2753 739 2821 olivae,
944 2767 968 2810 tt

325 2825 373 2879 Me
389 2824 512 2879 cichorea
528 2826 655 2895 levesque
672 2829 784 2882 malvae.

258 2901 324 2955 Frui
341 2900 443 2968 paratis
460 2902 490 2953 et
507 2900 597 2954 valido
614 2901 687 2968 mihi,

257 2975 351 3041 Latois,
368 2975 453 3042 dones
470 2977 500 3028 et
516 2991 613 3042 precer
629 2975 738 3043 integra

292 3048 362 3102 (lum
379 3051 479 3114 mente,
497 3064 547 3102 uec
563 3052 674 3117 turpem
691 3051 828 3103 senectam

326 3121 433 3188 Degere
449 3137 500 3174 nec
517 3121 622 3174 eithara
638 3124 783 3174 carentem.
941 3141 967 3184 ρο
