<?xml version="1.0" encoding="UTF-8"?>
<!DOCTYPE html PUBLIC "-//W3C//DTD XHTML 1.0 Transitional//EN"
    "http://www.w3.org/TR/xhtml1/DTD/xhtml1-transitional.dtd">
<html xmlns="http://www.w3.org/1999/xhtml" xml:lang="en" lang="en">
 <head>
  <title>
</title>
<meta http-equiv="Content-Type" content="text/html;charset=utf-8" />
  <meta name='ocr-system' content='tesseract 3.04.00' />
  <meta name='ocr-capabilities' content='ocr_page ocr_carea ocr_par ocr_line ocrx_word'/>
</head>
<body>
  <div class='ocr_page' id='page_1' title='image "./operaomniaexrec00horagoog_0105.png"; bbox 0 0 2288 3444; ppageno 0'>
   <div class='ocr_carea' id='block_1_1' title="bbox 128 100 701 170">
    <p class='ocr_par' dir='ltr' id='par_1_1' title="bbox 128 100 701 170">
     <span class='ocr_line' id='line_1_1' title="bbox 128 100 701 170; baseline -0.003 -2"><span class='ocrx_word' id='word_1_1' title='bbox 128 120 161 169; x_wconf 82' lang='lat' dir='ltr'><strong>en</strong></span> <span class='ocrx_word' id='word_1_2' title='bbox 389 100 701 170; x_wconf 75' lang='lat' dir='ltr'><strong>ssonnrnrnuooi</strong></span> 
     </span>
    </p>
   </div>
   <div class='ocr_carea' id='block_1_2' title="bbox 132 196 1128 3159">
    <p class='ocr_par' dir='ltr' id='par_1_2' title="bbox 132 196 1128 3159">
     <span class='ocr_line' id='line_1_2' title="bbox 205 196 816 264; baseline -0.013 -6"><span class='ocrx_word' id='word_1_3' title='bbox 205 242 212 258; x_wconf 92' lang='lat'><em>.</em></span> <span class='ocrx_word' id='word_1_4' title='bbox 233 198 356 254; x_wconf 77' lang='lat' dir='ltr'><strong>Exsueea</strong></span> <span class='ocrx_word' id='word_1_5' title='bbox 372 198 415 253; x_wconf 86' lang='lat' dir='ltr'><strong>uti</strong></span> <span class='ocrx_word' id='word_1_6' title='bbox 432 197 551 253; x_wconf 85' lang='lat' dir='ltr'><strong>medulla</strong></span> <span class='ocrx_word' id='word_1_7' title='bbox 567 199 598 252; x_wconf 87' lang='lat' dir='ltr'><strong>et</strong></span> <span class='ocrx_word' id='word_1_8' title='bbox 614 196 722 251; x_wconf 78' lang='lat' dir='ltr'><strong>aridum</strong></span> <span class='ocrx_word' id='word_1_9' title='bbox 736 196 816 264; x_wconf 87' lang='lat' dir='ltr'><strong>jecur</strong></span> 
     </span>
     <span class='ocr_line' id='line_1_3' title="bbox 267 271 617 342; baseline 0 -16"><span class='ocrx_word' id='word_1_10' title='bbox 267 273 377 326; x_wconf 84' lang='lat' dir='ltr'><strong>Amoris</strong></span> <span class='ocrx_word' id='word_1_11' title='bbox 395 275 468 327; x_wconf 87' lang='lat' dir='ltr'><strong>esset</strong></span> <span class='ocrx_word' id='word_1_12' title='bbox 483 271 617 342; x_wconf 66' lang='lat' dir='ltr'><strong>menium,</strong></span> 
     </span>
     <span class='ocr_line' id='line_1_4' title="bbox 235 345 761 402; baseline -0.004 -2"><span class='ocrx_word' id='word_1_13' title='bbox 235 347 416 402; x_wconf 86' lang='lat' dir='ltr'><strong>Interminato</strong></span> <span class='ocrx_word' id='word_1_14' title='bbox 433 363 496 401; x_wconf 85' lang='lat' dir='ltr'><strong>eum</strong></span> <span class='ocrx_word' id='word_1_15' title='bbox 513 346 597 402; x_wconf 89' lang='lat' dir='ltr'><strong>semel</strong></span> <span class='ocrx_word' id='word_1_16' title='bbox 613 347 684 400; x_wconf 84' lang='lat' dir='ltr'><strong>fixae</strong></span> <span class='ocrx_word' id='word_1_17' title='bbox 700 345 761 398; x_wconf 88' lang='lat' dir='ltr'><strong>cibe</strong></span> 
     </span>
     <span class='ocr_line' id='line_1_5' title="bbox 269 421 1128 490; baseline 0.003 -16"><span class='ocrx_word' id='word_1_18' title='bbox 269 421 455 475; x_wconf 81' lang='lat' dir='ltr'><strong>lntabuissent</strong></span> <span class='ocrx_word' id='word_1_19' title='bbox 471 421 595 490; x_wconf 85' lang='lat' dir='ltr'><strong>pupulas.</strong></span> <span class='ocrx_word' id='word_1_20' title='bbox 955 435 980 476; x_wconf 79' lang='grc' dir='ltr'><strong>4ο</strong></span> <span class='ocrx_word' id='word_1_21' title='bbox 1127 423 1128 446; x_wconf 34' lang='lat' dir='ltr'><strong>l</strong></span> 
     </span>
     <span class='ocr_line' id='line_1_6' title="bbox 233 493 723 551; baseline -0.003 -1"><span class='ocrx_word' id='word_1_22' title='bbox 233 497 260 551; x_wconf 84' lang='lat' dir='ltr'>N</span> <span class='ocrx_word' id='word_1_23' title='bbox 261 513 296 550; x_wconf 89' lang='lat' dir='ltr'><strong>on</strong></span> <span class='ocrx_word' id='word_1_24' title='bbox 313 497 433 550; x_wconf 74' lang='lat' dir='ltr'><strong>defuisse</strong></span> <span class='ocrx_word' id='word_1_25' title='bbox 450 496 585 550; x_wconf 68' lang='lat' dir='ltr'><strong>masculae</strong></span> <span class='ocrx_word' id='word_1_26' title='bbox 602 493 723 549; x_wconf 75' lang='lat' dir='ltr'><strong>libidinis</strong></span> 
     </span>
     <span class='ocr_line' id='line_1_7' title="bbox 269 570 592 625; baseline -0.003 0"><span class='ocrx_word' id='word_1_27' title='bbox 269 572 470 625; x_wconf 80' lang='lat' dir='ltr'><strong>Ariminensem</strong></span> <span class='ocrx_word' id='word_1_28' title='bbox 488 570 592 624; x_wconf 80' lang='lat' dir='ltr'><strong>Folium</strong></span> 
     </span>
     <span class='ocr_line' id='line_1_8' title="bbox 235 645 658 714; baseline -0.002 -13"><span class='ocrx_word' id='word_1_29' title='bbox 235 647 273 701; x_wconf 83' lang='lat' dir='ltr'><strong>Et</strong></span> <span class='ocrx_word' id='word_1_30' title='bbox 290 647 376 700; x_wconf 78' lang='lat' dir='ltr'><strong>otiosa</strong></span> <span class='ocrx_word' id='word_1_31' title='bbox 392 645 512 700; x_wconf 85' lang='lat' dir='ltr'><strong>eredidit</strong></span> <span class='ocrx_word' id='word_1_32' title='bbox 529 646 658 714; x_wconf 74' lang='lat' dir='ltr'><strong>Neapolis</strong></span> 
     </span>
     <span class='ocr_line' id='line_1_9' title="bbox 192 720 693 790; baseline 0.004 -18"><span class='ocrx_word' id='word_1_33' title='bbox 192 761 197 772; x_wconf 89' lang='lat'>.</span> <span class='ocrx_word' id='word_1_34' title='bbox 268 721 306 774; x_wconf 86' lang='lat' dir='ltr'><strong>Ilt</strong></span> <span class='ocrx_word' id='word_1_35' title='bbox 323 737 403 775; x_wconf 88' lang='lat' dir='ltr'><strong>omno</strong></span> <span class='ocrx_word' id='word_1_36' title='bbox 420 720 537 774; x_wconf 82' lang='lat' dir='ltr'><strong>ricinum</strong></span> <span class='ocrx_word' id='word_1_37' title='bbox 555 721 693 790; x_wconf 89' lang='lat' dir='ltr'><strong>oppidum,</strong></span> 
     </span>
     <span class='ocr_line' id='line_1_10' title="bbox 132 794 826 863; baseline -0.006 -9"><span class='ocrx_word' id='word_1_38' title='bbox 132 831 139 854; x_wconf 43' lang='grc' dir='ltr'><strong>,ι</strong></span> <span class='ocrx_word' id='word_1_39' title='bbox 234 796 311 861; x_wconf 83' lang='lat' dir='ltr'><strong>Quae</strong></span> <span class='ocrx_word' id='word_1_40' title='bbox 328 795 418 850; x_wconf 83' lang='lat' dir='ltr'><strong>sidera</strong></span> <span class='ocrx_word' id='word_1_41' title='bbox 435 799 579 863; x_wconf 70' lang='lat' dir='ltr'><strong>exeantato</strong></span> <span class='ocrx_word' id='word_1_42' title='bbox 595 811 660 850; x_wconf 81' lang='lat' dir='ltr'><strong>voce</strong></span> <span class='ocrx_word' id='word_1_43' title='bbox 679 794 826 850; x_wconf 69' lang='lat' dir='ltr'><strong>Thessa-la·</strong></span> 
     </span>
     <span class='ocr_line' id='line_1_11' title="bbox 269 870 749 939; baseline 0 -15"><span class='ocrx_word' id='word_1_44' title='bbox 269 871 427 939; x_wconf 73' lang='lat' dir='ltr'><strong>Lunamque</strong></span> <span class='ocrx_word' id='word_1_45' title='bbox 444 870 518 924; x_wconf 84' lang='lat' dir='ltr'><strong>eaelo</strong></span> <span class='ocrx_word' id='word_1_46' title='bbox 535 870 644 939; x_wconf 86' lang='lat' dir='ltr'><strong>deripit.</strong></span> <span class='ocrx_word' id='word_1_47' title='bbox 748 891 749 896; x_wconf 46' lang='lat'>¹</span> 
     </span>
     <span class='ocr_line' id='line_1_12' title="bbox 235 943 762 1000; baseline -0.004 0"><span class='ocrx_word' id='word_1_48' title='bbox 235 945 290 1000; x_wconf 84' lang='lat' dir='ltr'><strong>Hie</strong></span> <span class='ocrx_word' id='word_1_49' title='bbox 306 946 563 1000; x_wconf 81' lang='lat' dir='ltr'><strong>irreseetum&#39;saeva</strong></span> <span class='ocrx_word' id='word_1_50' title='bbox 580 945 663 998; x_wconf 89' lang='lat' dir='ltr'><strong>dente</strong></span> <span class='ocrx_word' id='word_1_51' title='bbox 679 943 762 998; x_wconf 78' lang='lat' dir='ltr'><strong>livide</strong></span> 
     </span>
     <span class='ocr_line' id='line_1_13' title="bbox 269 1020 638 1089; baseline -0.005 -15"><span class='ocrx_word' id='word_1_52' title='bbox 269 1020 382 1075; x_wconf 80' lang='lat' dir='ltr'><strong>(ianidiu</strong></span> <span class='ocrx_word' id='word_1_53' title='bbox 398 1020 498 1075; x_wconf 85' lang='lat' dir='ltr'><strong>redens</strong></span> <span class='ocrx_word' id='word_1_54' title='bbox 514 1021 638 1089; x_wconf 85' lang='lat' dir='ltr'><strong>pollicem</strong></span> 
     </span>
     <span class='ocr_line' id='line_1_14' title="bbox 236 1092 936 1165; baseline -0.006 -15"><span class='ocrx_word' id='word_1_55' title='bbox 236 1095 310 1161; x_wconf 82' lang='lat' dir='ltr'><strong>Quid</strong></span> <span class='ocrx_word' id='word_1_56' title='bbox 326 1097 464 1150; x_wconf 78' lang='lat' dir='ltr'><strong>dixitaut</strong></span> <span class='ocrx_word' id='word_1_57' title='bbox 480 1096 549 1165; x_wconf 90' lang='lat' dir='ltr'><strong>quid</strong></span> <span class='ocrx_word' id='word_1_58' title='bbox 565 1096 671 1150; x_wconf 69' lang='lat' dir='ltr'><strong>tacuit?</strong></span> <span class='ocrx_word' id='word_1_59' title='bbox 706 1095 722 1122; x_wconf 89' lang='lat'>“</span> <span class='ocrx_word' id='word_1_60' title='bbox 727 1093 751 1147; x_wconf 92' lang='lat'>0</span> <span class='ocrx_word' id='word_1_61' title='bbox 768 1092 851 1149; x_wconf 88' lang='lat' dir='ltr'><strong>rebus</strong></span> <span class='ocrx_word' id='word_1_62' title='bbox 867 1092 936 1147; x_wconf 87' lang='lat' dir='ltr'><strong>meis</strong></span> 
     </span>
     <span class='ocr_line' id='line_1_15' title="bbox 269 1171 980 1240; baseline 0 -16"><span class='ocrx_word' id='word_1_63' title='bbox 269 1171 296 1224; x_wconf 87' lang='lat' dir='ltr'>N</span> <span class='ocrx_word' id='word_1_64' title='bbox 297 1187 332 1225; x_wconf 91' lang='lat' dir='ltr'><strong>on</strong></span> <span class='ocrx_word' id='word_1_65' title='bbox 348 1171 471 1225; x_wconf 87' lang='lat' dir='ltr'><strong>infideles</strong></span> <span class='ocrx_word' id='word_1_66' title='bbox 488 1171 616 1240; x_wconf 84' lang='lat' dir='ltr'><strong>arbitrae,</strong></span> <span class='ocrx_word' id='word_1_67' title='bbox 956 1181 980 1224; x_wconf 73' lang='lat' dir='ltr'><strong>te</strong></span> 
     </span>
     <span class='ocr_line' id='line_1_16' title="bbox 236 1243 781 1315; baseline 0.004 -17"><span class='ocrx_word' id='word_1_68' title='bbox 236 1245 298 1298; x_wconf 84' lang='lat' dir='ltr'><strong>Nox</strong></span> <span class='ocrx_word' id='word_1_69' title='bbox 315 1249 345 1300; x_wconf 79' lang='lat' dir='ltr'><strong>et</strong></span> <span class='ocrx_word' id='word_1_70' title='bbox 361 1245 450 1300; x_wconf 70' lang='lat' dir='ltr'><strong>Diana</strong></span> <span class='ocrx_word' id='word_1_71' title='bbox 466 1261 536 1315; x_wconf 86' lang='lat' dir='ltr'><strong>quae</strong></span> <span class='ocrx_word' id='word_1_72' title='bbox 553 1246 691 1300; x_wconf 84' lang='lat' dir='ltr'><strong>silentium</strong></span> <span class='ocrx_word' id='word_1_73' title='bbox 707 1243 781 1313; x_wconf 75' lang='lat' dir='ltr'><strong>regis</strong></span> 
     </span>
     <span class='ocr_line' id='line_1_17' title="bbox 271 1320 646 1384; baseline 0.005 -11"><span class='ocrx_word' id='word_1_74' title='bbox 271 1322 379 1374; x_wconf 83' lang='lat' dir='ltr'><strong>Arcana</strong></span> <span class='ocrx_word' id='word_1_75' title='bbox 396 1336 458 1374; x_wconf 87' lang='lat' dir='ltr'><strong>cum</strong></span> <span class='ocrx_word' id='word_1_76' title='bbox 475 1320 545 1374; x_wconf 87' lang='lat' dir='ltr'><strong>flunt</strong></span> <span class='ocrx_word' id='word_1_77' title='bbox 564 1338 646 1384; x_wconf 59' lang='lat' dir='ltr'><strong>saeros</strong></span> 
     </span>
     <span class='ocr_line' id='line_1_18' title="bbox 235 1393 906 1463; baseline 0.001 -14"><span class='ocrx_word' id='word_1_78' title='bbox 235 1394 324 1463; x_wconf 80' lang='lat' dir='ltr'><strong>Nune,</strong></span> <span class='ocrx_word' id='word_1_79' title='bbox 340 1411 412 1450; x_wconf 90' lang='lat' dir='ltr'><strong>nune</strong></span> <span class='ocrx_word' id='word_1_80' title='bbox 429 1394 531 1462; x_wconf 84' lang='lat' dir='ltr'><strong>adeste,</strong></span> <span class='ocrx_word' id='word_1_81' title='bbox 549 1411 621 1450; x_wconf 86' lang='lat' dir='ltr'><strong>nune</strong></span> <span class='ocrx_word' id='word_1_82' title='bbox 637 1397 665 1448; x_wconf 91' lang='lat' dir='ltr'><strong>iu</strong></span> <span class='ocrx_word' id='word_1_83' title='bbox 682 1395 794 1449; x_wconf 85' lang='lat' dir='ltr'><strong>hostiles</strong></span> <span class='ocrx_word' id='word_1_84' title='bbox 812 1393 906 1450; x_wconf 77' lang='lat' dir='ltr'><strong>densos</strong></span> 
     </span>
     <span class='ocr_line' id='line_1_19' title="bbox 271 1469 693 1540; baseline 0 -16"><span class='ocrx_word' id='word_1_85' title='bbox 271 1470 345 1524; x_wconf 85' lang='lat' dir='ltr'><strong>Imm</strong></span> <span class='ocrx_word' id='word_1_86' title='bbox 361 1473 445 1540; x_wconf 86' lang='lat' dir='ltr'><strong>atque</strong></span> <span class='ocrx_word' id='word_1_87' title='bbox 462 1487 562 1532; x_wconf 86' lang='lat' dir='ltr'><strong>numen</strong></span> <span class='ocrx_word' id='word_1_88' title='bbox 578 1469 693 1525; x_wconf 88' lang='lat' dir='ltr'><strong>vertite!</strong></span> 
     </span>
     <span class='ocr_line' id='line_1_20' title="bbox 139 1545 800 1600; baseline 0 -2"><span class='ocrx_word' id='word_1_89' title='bbox 139 1569 143 1576; x_wconf 56' lang='lat'>¹</span> <span class='ocrx_word' id='word_1_90' title='bbox 237 1545 429 1600; x_wconf 78' lang='lat' dir='ltr'><strong>Formidolosis</strong></span> <span class='ocrx_word' id='word_1_91' title='bbox 447 1545 513 1599; x_wconf 88' lang='lat' dir='ltr'><strong>dnm</strong></span> <span class='ocrx_word' id='word_1_92' title='bbox 530 1546 616 1600; x_wconf 80' lang='lat' dir='ltr'><strong>laterut</strong></span> <span class='ocrx_word' id='word_1_93' title='bbox 632 1545 708 1600; x_wconf 81' lang='lat' dir='ltr'><strong>silvis</strong></span> <span class='ocrx_word' id='word_1_94' title='bbox 724 1545 800 1600; x_wconf 86' lang='lat' dir='ltr'><strong>serae</strong></span> 
     </span>
     <span class='ocr_line' id='line_1_21' title="bbox 271 1621 632 1690; baseline -0.003 -15"><span class='ocrx_word' id='word_1_95' title='bbox 271 1621 351 1676; x_wconf 86' lang='lat' dir='ltr'><strong>Dulci</strong></span> <span class='ocrx_word' id='word_1_96' title='bbox 368 1637 464 1690; x_wconf 88' lang='lat' dir='ltr'><strong>sopore</strong></span> <span class='ocrx_word' id='word_1_97' title='bbox 481 1621 632 1688; x_wconf 72' lang='lat' dir='ltr'><strong>languidae,</strong></span> 
     </span>
     <span class='ocr_line' id='line_1_22' title="bbox 235 1693 895 1763; baseline 0.003 -15"><span class='ocrx_word' id='word_1_98' title='bbox 235 1695 342 1760; x_wconf 80' lang='lat' dir='ltr'><strong>Senem,</strong></span> <span class='ocrx_word' id='word_1_99' title='bbox 360 1694 435 1763; x_wconf 85' lang='lat' dir='ltr'><strong>qnod</strong></span> <span class='ocrx_word' id='word_1_100' title='bbox 450 1709 545 1748; x_wconf 82' lang='lat' dir='ltr'><strong>omnes</strong></span> <span class='ocrx_word' id='word_1_101' title='bbox 561 1695 676 1763; x_wconf 76' lang='lat' dir='ltr'><strong>rideant,</strong></span> <span class='ocrx_word' id='word_1_102' title='bbox 694 1693 848 1750; x_wconf 71' lang='lat' dir='ltr'><strong>adulterum</strong></span> <span class='ocrx_word' id='word_1_103' title='bbox 892 1720 895 1728; x_wconf 46' lang='lat'>³</span> 
     </span>
     <span class='ocr_line' id='line_1_23' title="bbox 271 1768 687 1832; baseline 0 -10"><span class='ocrx_word' id='word_1_104' title='bbox 271 1770 385 1823; x_wconf 82' lang='lat' dir='ltr'><strong>Latrent</strong></span> <span class='ocrx_word' id='word_1_105' title='bbox 402 1768 560 1832; x_wconf 79' lang='lat' dir='ltr'><strong>Suburanae</strong></span> <span class='ocrx_word' id='word_1_106' title='bbox 577 1786 658 1822; x_wconf 86' lang='lat' dir='ltr'><strong>canes</strong></span> <span class='ocrx_word' id='word_1_107' title='bbox 685 1809 687 1813; x_wconf 81' lang='lat'><em>-</em></span> 
     </span>
     <span class='ocr_line' id='line_1_24' title="bbox 237 1843 850 1914; baseline 0.002 -17"><span class='ocrx_word' id='word_1_108' title='bbox 237 1843 265 1897; x_wconf 89' lang='lat' dir='ltr'>N</span> <span class='ocrx_word' id='word_1_109' title='bbox 266 1844 333 1897; x_wconf 82' lang='lat' dir='ltr'><strong>erdo</strong></span> <span class='ocrx_word' id='word_1_110' title='bbox 348 1844 517 1912; x_wconf 75' lang='lat' dir='ltr'><strong>perunetmn,</strong></span> <span class='ocrx_word' id='word_1_111' title='bbox 536 1845 615 1914; x_wconf 85' lang='lat' dir='ltr'><strong>quale</strong></span> <span class='ocrx_word' id='word_1_112' title='bbox 633 1859 686 1898; x_wconf 87' lang='lat' dir='ltr'><strong>non</strong></span> <span class='ocrx_word' id='word_1_113' title='bbox 703 1845 850 1914; x_wconf 81' lang='lat' dir='ltr'><strong>perfectius</strong></span> 
     </span>
     <span class='ocr_line' id='line_1_25' title="bbox 270 1917 669 1974; baseline 0.008 -4"><span class='ocrx_word' id='word_1_114' title='bbox 270 1919 350 1971; x_wconf 85' lang='lat' dir='ltr'><strong>Meae</strong></span> <span class='ocrx_word' id='word_1_115' title='bbox 367 1917 516 1973; x_wconf 78' lang='lat' dir='ltr'><strong>laborarint</strong></span> <span class='ocrx_word' id='word_1_116' title='bbox 532 1935 669 1974; x_wconf 82' lang='lat' dir='ltr'><strong>manus.-</strong></span> 
     </span>
     <span class='ocr_line' id='line_1_26' title="bbox 235 1991 867 2056; baseline 0.002 -11"><span class='ocrx_word' id='word_1_117' title='bbox 235 1991 311 2056; x_wconf 79' lang='lat' dir='ltr'><strong>Quid</strong></span> <span class='ocrx_word' id='word_1_118' title='bbox 325 1992 443 2048; x_wconf 83' lang='lat' dir='ltr'><strong>aneiditl</strong></span> <span class='ocrx_word' id='word_1_119' title='bbox 479 1993 536 2048; x_wconf 80' lang='lat' dir='ltr'><strong>Gur</strong></span> <span class='ocrx_word' id='word_1_120' title='bbox 552 1994 613 2048; x_wconf 85' lang='lat' dir='ltr'><strong>dira</strong></span> <span class='ocrx_word' id='word_1_121' title='bbox 629 1993 762 2048; x_wconf 76' lang='lat' dir='ltr'><strong>barbarae</strong></span> <span class='ocrx_word' id='word_1_122' title='bbox 779 1993 867 2046; x_wconf 85' lang='lat' dir='ltr'><strong>minus</strong></span> 
     </span>
     <span class='ocr_line' id='line_1_27' title="bbox 270 2066 802 2126; baseline 0.015 -8"><span class='ocrx_word' id='word_1_123' title='bbox 270 2067 383 2120; x_wconf 82' lang='lat' dir='ltr'><strong>Venena</strong></span> <span class='ocrx_word' id='word_1_124' title='bbox 401 2067 515 2126; x_wconf 79' lang='lat' dir='ltr'><strong>Medeae</strong></span> <span class='ocrx_word' id='word_1_125' title='bbox 532 2066 655 2126; x_wconf 64' lang='lat' dir='ltr'><strong>idmst:</strong></span> <span class='ocrx_word' id='word_1_126' title='bbox 761 2107 764 2112; x_wconf 40' lang='lat' dir='ltr'>v</span> <span class='ocrx_word' id='word_1_127' title='bbox 799 2071 802 2082; x_wconf 90' lang='lat'>&#39;</span> 
     </span>
     <span class='ocr_line' id='line_1_28' title="bbox 236 2139 810 2214; baseline 0.012 -22"><span class='ocrx_word' id='word_1_128' title='bbox 236 2139 341 2206; x_wconf 82' lang='lat' dir='ltr'><strong>Quibus</strong></span> <span class='ocrx_word' id='word_1_129' title='bbox 357 2141 503 2210; x_wconf 81' lang='lat' dir='ltr'><strong>superbam</strong></span> <span class='ocrx_word' id='word_1_130' title='bbox 518 2144 590 2212; x_wconf 76' lang='lat' dir='ltr'><strong>fugit</strong></span> <span class='ocrx_word' id='word_1_131' title='bbox 606 2144 665 2198; x_wconf 80' lang='lat' dir='ltr'><strong>ulte</strong></span> <span class='ocrx_word' id='word_1_132' title='bbox 681 2144 810 2214; x_wconf 82' lang='lat' dir='ltr'><strong>pellicem,</strong></span> 
     </span>
     <span class='ocr_line' id='line_1_29' title="bbox 270 2214 614 2287; baseline 0.015 -19"><span class='ocrx_word' id='word_1_133' title='bbox 270 2216 364 2284; x_wconf 78' lang='lat' dir='ltr'><strong>Magni</strong></span> <span class='ocrx_word' id='word_1_134' title='bbox 381 2217 506 2271; x_wconf 78' lang='lat' dir='ltr'><strong>Creontis</strong></span> <span class='ocrx_word' id='word_1_135' title='bbox 516 2214 614 2287; x_wconf 62' lang='lat' dir='ltr'><strong>&#39;filiorm</strong></span> 
     </span>
     <span class='ocr_line' id='line_1_30' title="bbox 236 2291 868 2362; baseline 0.003 -16"><span class='ocrx_word' id='word_1_136' title='bbox 236 2291 306 2347; x_wconf 82' lang='lat' dir='ltr'><strong>(ium</strong></span> <span class='ocrx_word' id='word_1_137' title='bbox 322 2292 400 2361; x_wconf 81' lang='lat' dir='ltr'><strong>pade,</strong></span> <span class='ocrx_word' id='word_1_138' title='bbox 416 2291 482 2346; x_wconf 83' lang='lat' dir='ltr'><strong>tabo</strong></span> <span class='ocrx_word' id='word_1_139' title='bbox 499 2309 595 2348; x_wconf 88' lang='lat' dir='ltr'><strong>munus</strong></span> <span class='ocrx_word' id='word_1_140' title='bbox 612 2293 754 2362; x_wconf 82' lang='lat' dir='ltr'><strong>imbutum,</strong></span> <span class='ocrx_word' id='word_1_141' title='bbox 771 2309 868 2348; x_wconf 86' lang='lat' dir='ltr'><strong>novum</strong></span> 
     </span>
     <span class='ocr_line' id='line_1_31' title="bbox 270 2367 671 2436; baseline 0.012 -16"><span class='ocrx_word' id='word_1_142' title='bbox 270 2367 401 2421; x_wconf 86' lang='lat' dir='ltr'><strong>Incendio</strong></span> <span class='ocrx_word' id='word_1_143' title='bbox 418 2369 532 2436; x_wconf 82' lang='lat' dir='ltr'><strong>nuptum</strong></span> <span class='ocrx_word' id='word_1_144' title='bbox 549 2368 671 2424; x_wconf 81' lang='lat' dir='ltr'><strong>abstulit</strong></span> 
     </span>
     <span class='ocr_line' id='line_1_32' title="bbox 236 2442 831 2512; baseline 0.003 -16"><span class='ocrx_word' id='word_1_145' title='bbox 236 2442 325 2511; x_wconf 79' lang='lat' dir='ltr'><strong>Atqui</strong></span> <span class='ocrx_word' id='word_1_146' title='bbox 342 2458 393 2496; x_wconf 84' lang='lat' dir='ltr'><strong>nee</strong></span> <span class='ocrx_word' id='word_1_147' title='bbox 409 2442 494 2496; x_wconf 78' lang='lat' dir='ltr'><strong>herbe</strong></span> <span class='ocrx_word' id='word_1_148' title='bbox 511 2453 566 2498; x_wconf 74' lang='lat' dir='ltr'><strong>neo·</strong></span> <span class='ocrx_word' id='word_1_149' title='bbox 578 2444 666 2499; x_wconf 83' lang='lat' dir='ltr'><strong>latens</strong></span> <span class='ocrx_word' id='word_1_150' title='bbox 682 2443 711 2496; x_wconf 89' lang='lat' dir='ltr'><strong>in</strong></span> <span class='ocrx_word' id='word_1_151' title='bbox 728 2444 831 2512; x_wconf 82' lang='lat' dir='ltr'><strong>asperis</strong></span> 
     </span>
     <span class='ocr_line' id='line_1_33' title="bbox 272 2516 627 2592; baseline 0.011 -23"><span class='ocrx_word' id='word_1_152' title='bbox 272 2516 362 2570; x_wconf 83' lang='lat' dir='ltr'><strong>Radix</strong></span> <span class='ocrx_word' id='word_1_153' title='bbox 378 2516 477 2571; x_wconf 81' lang='lat' dir='ltr'><strong>fefellit</strong></span> <span class='ocrx_word' id='word_1_154' title='bbox 493 2533 538 2571; x_wconf 88' lang='lat' dir='ltr'><strong>me</strong></span> <span class='ocrx_word' id='word_1_155' title='bbox 554 2518 627 2592; x_wconf 73' lang='lat' dir='ltr'><strong>loeis</strong></span> 
     </span>
     <span class='ocr_line' id='line_1_34' title="bbox 236 2590 768 2648; baseline 0.006 -3"><span class='ocrx_word' id='word_1_156' title='bbox 236 2590 372 2645; x_wconf 85' lang='lat' dir='ltr'><strong>Indormit</strong></span> <span class='ocrx_word' id='word_1_157' title='bbox 388 2590 479 2644; x_wconf 82' lang='lat' dir='ltr'><strong>unetis</strong></span> <span class='ocrx_word' id='word_1_158' title='bbox 496 2592 616 2647; x_wconf 89' lang='lat' dir='ltr'><strong>omnium</strong></span> <span class='ocrx_word' id='word_1_159' title='bbox 632 2591 768 2648; x_wconf 80' lang='lat' dir='ltr'><strong>eubilibus</strong></span> 
     </span>
     <span class='ocr_line' id='line_1_35' title="bbox 270 2662 599 2731; baseline 0 -15"><span class='ocrx_word' id='word_1_160' title='bbox 270 2664 412 2717; x_wconf 84' lang='lat' dir='ltr'><strong>Oblivione</strong></span> <span class='ocrx_word' id='word_1_161' title='bbox 429 2662 599 2731; x_wconf 78' lang='lat' dir='ltr'><strong>pellicum.-</strong></span> 
     </span>
     <span class='ocr_line' id='line_1_36' title="bbox 236 2736 767 2796; baseline 0.002 -5"><span class='ocrx_word' id='word_1_162' title='bbox 236 2737 284 2791; x_wconf 85' lang='lat' dir='ltr'><strong>Ab</strong></span> <span class='ocrx_word' id='word_1_163' title='bbox 301 2737 352 2790; x_wconf 85' lang='lat' dir='ltr'><strong>ab!</strong></span> <span class='ocrx_word' id='word_1_164' title='bbox 372 2736 475 2796; x_wconf 83' lang='lat' dir='ltr'><strong>solutus</strong></span> <span class='ocrx_word' id='word_1_165' title='bbox 493 2737 615 2792; x_wconf 76' lang='lat' dir='ltr'><strong>ambulet</strong></span> <span class='ocrx_word' id='word_1_166' title='bbox 631 2741 767 2796; x_wconf 81' lang='lat' dir='ltr'><strong>venefieue</strong></span> 
     </span>
     <span class='ocr_line' id='line_1_37' title="bbox 270 2809 568 2864; baseline -0.003 0"><span class='ocrx_word' id='word_1_167' title='bbox 270 2810 427 2864; x_wconf 83' lang='lat' dir='ltr'><strong>Scientioris</strong></span> <span class='ocrx_word' id='word_1_168' title='bbox 443 2809 568 2864; x_wconf 75' lang='lat' dir='ltr'><strong>earmina</strong></span> 
     </span>
     <span class='ocr_line' id='line_1_38' title="bbox 236 2881 710 2954; baseline 0.008 -18"><span class='ocrx_word' id='word_1_169' title='bbox 236 2882 299 2936; x_wconf 84' lang='lat' dir='ltr'><strong>Non</strong></span> <span class='ocrx_word' id='word_1_170' title='bbox 315 2883 431 2950; x_wconf 79' lang='lat' dir='ltr'><strong>usitatis,</strong></span> <span class='ocrx_word' id='word_1_171' title='bbox 449 2881 534 2950; x_wconf 75' lang='lat' dir='ltr'><strong>Vere,</strong></span> <span class='ocrx_word' id='word_1_172' title='bbox 547 2885 710 2954; x_wconf 87' lang='lat' dir='ltr'><strong>potionibus,</strong></span> 
     </span>
     <span class='ocr_line' id='line_1_39' title="bbox 271 2956 649 3026; baseline 0.011 -18"><span class='ocrx_word' id='word_1_173' title='bbox 271 2957 294 3008; x_wconf 93' lang='lat'>0</span> <span class='ocrx_word' id='word_1_174' title='bbox 312 2957 398 3010; x_wconf 86' lang='lat' dir='ltr'><strong>multa</strong></span> <span class='ocrx_word' id='word_1_175' title='bbox 414 2956 543 3011; x_wconf 89' lang='lat' dir='ltr'><strong>fleturum</strong></span> <span class='ocrx_word' id='word_1_176' title='bbox 559 2963 649 3026; x_wconf 82' lang='lat' dir='ltr'><strong>eaput,</strong></span> 
     </span>
     <span class='ocr_line' id='line_1_40' title="bbox 140 3029 837 3098; baseline 0.011 -15"><span class='ocrx_word' id='word_1_177' title='bbox 140 3067 145 3083; x_wconf 44' lang='lat' dir='ltr'><strong>i</strong></span> <span class='ocrx_word' id='word_1_178' title='bbox 236 3029 285 3082; x_wconf 79' lang='lat' dir='ltr'><strong>Ad</strong></span> <span class='ocrx_word' id='word_1_179' title='bbox 301 3046 345 3082; x_wconf 91' lang='lat' dir='ltr'><strong>me</strong></span> <span class='ocrx_word' id='word_1_180' title='bbox 362 3046 493 3098; x_wconf 85' lang='lat' dir='ltr'><strong>recurres,</strong></span> <span class='ocrx_word' id='word_1_181' title='bbox 510 3047 561 3084; x_wconf 84' lang='lat' dir='ltr'><strong>nee</strong></span> <span class='ocrx_word' id='word_1_182' title='bbox 577 3036 673 3084; x_wconf 80' lang='lat' dir='ltr'><strong>vocata</strong></span> <span class='ocrx_word' id='word_1_183' title='bbox 689 3048 766 3086; x_wconf 89' lang='lat' dir='ltr'><strong>mens</strong></span> <span class='ocrx_word' id='word_1_184' title='bbox 783 3037 837 3090; x_wconf 75' lang='lat' dir='ltr'><strong>tue&#39;</strong></span> 
     </span>
     <span class='ocr_line' id='line_1_41' title="bbox 269 3101 628 3159; baseline 0.011 -5"><span class='ocrx_word' id='word_1_185' title='bbox 269 3101 369 3154; x_wconf 82' lang='lat' dir='ltr'><strong>Marsis</strong></span> <span class='ocrx_word' id='word_1_186' title='bbox 385 3103 488 3159; x_wconf 77' lang='lat' dir='ltr'><strong>redibit</strong></span> <span class='ocrx_word' id='word_1_187' title='bbox 504 3104 628 3158; x_wconf 81' lang='lat' dir='ltr'><strong>vocibus:</strong></span> 
     </span>
    </p>
   </div>
   <div class='ocr_carea' id='block_1_3' title="bbox 0 0 1149 3444">
    <p class='ocr_par' dir='ltr' id='par_1_3' title="bbox 0 0 1149 3444">
     <span class='ocr_line' id='line_1_42' title="bbox 0 0 1149 3444; baseline 0 0"><span class='ocrx_word' id='word_1_188' title='bbox 0 0 1149 3444; x_wconf 95' lang='lat' dir='ltr'><strong> </strong></span> 
     </span>
    </p>
   </div>
  </div>
 </body>
</html>
