2268 3448
332 183 535 235 CARMINUM
552 184 605 232 III.
626 186 662 242 12,
685 185 721 243 13,
742 185 777 232 14.
940 185 971 234 ts

269 263 366 318 OmIne
383 268 414 320 ct
430 264 516 318 nostri
534 279 681 318 memorem
700 264 822 334 sepulcro

302 339 398 409 Scalpo
415 339 575 408 querelam.”

480 459 483 463 ’
516 475 584 531 xn.

131 554 306 611 nummu
323 559 367 610 est
384 572 472 624 neque
490 557 575 610 amori
593 558 660 612 dare
677 555 772 610 ludum
787 571 876 624 nequo
894 553 967 608 dulci

130 629 206 684 Mala
222 630 284 684 vino
301 629 400 698 lavere,
417 637 466 686 aut
484 633 633 685 exanimari
651 636 803 686 metuentes

165 705 283 758 Patruae
300 706 414 760 verbera
430 707 544 774 linguae.

130 779 191 833 'ribi
208 781 318 848 qualum
336 781 486 848 Cythereae
502 797 570 849 puer
587 782 650 849 eles,
667 782 718 834 tibi
735 782 805 834 telas

113 853 321 932 ¹Operosaeqne
338 855 480 910 MInervae
496 855 617 912 studium
634 857 731 923 aufert,
749 857 774 908 N
777 855 880 922 eohule,
963 907 974 914 ..

165 929 291 997 Liparaei
308 930 380 983 nitor
398 930 493 998 Hebri,

130 1003 215 1056 Simul
232 1008 328 1058 unctos
346 1004 480 1058 Tiberinis
496 1005 621 1058 humeros
638 1005 705 1059 lant
721 1006 749 1058 in
766 1005 854 1072 undis,

129 1077 221 1146 Eques
239 1079 298 1146 ipso
315 1079 411 1132 melior
428 1079 645 1148 Bellerophonte,
663 1095 751 1148 neque
768 1096 858 1148 pugno

144 1175 146 1178 ·
164 1153 261 1222 Neque
279 1154 355 1220 segni
371 1153 443 1222 pede
460 1154 562 1218 victus;

130 1229 215 1282 Catus
231 1227 305 1280 idem
321 1245 372 1297 per
388 1233 514 1296 apertum
531 1229 667 1296 fugientes
684 1229 788 1298 acritate
948 1243 972 1285 lo

107 1307 110 1314 ’
129 1303 221 1370 Grege
238 1318 333 1356 cervos
344 1302 459 1370 jaculari
476 1308 506 1358 et
522 1304 595 1360 celer
611 1304 667 1361 alto
684 1305 839 1359 latitantem

135 1423 139 1430 .
164 1376 304 1431 Fruticeto
321 1377 447 1446 excipere
463 1394 568 1448 aprum.

509 1511 594 1566 XIII.

267 1594 291 1647 0
309 1608 376 1648 rous
394 1593 554 1660 Bandusiae,
572 1595 739 1663 splendidIor
756 1597 834 1665 vitro,

267 1668 348 1722 Dulei
366 1668 447 1735 digne
465 1684 540 1720 mero
556 1684 610 1722 non
628 1670 685 1723 sine
704 1670 821 1738 floribus,

301 1741 369 1796 Cras
385 1741 528 1796 donaberis
545 1742 632 1796 haedo

336 1817 387 1870 Oui
403 1817 479 1869 frons
494 1817 605 1884 turgida
622 1817 747 1873 cornibus

267 1891 366 1946 Primis
383 1895 413 1946 et
429 1907 555 1952 venerem
573 1897 602 1947 et
619 1895 722 1962 proelia
739 1894 868 1964 destinat,
959 1929 972 1970 5

267 1966 395 2021 Frustra:
413 1983 476 2020 nam
493 1967 598 2034 gelidos
615 1969 716 2024 inficiet
733 1969 785 2023 tibi

301 2041 394 2096 Rubro
412 2042 543 2110 sanguine
559 2043 631 2096 rivos

335 2116 441 2170 Lascivi
458 2117 566 2170 suboles
582 2119 679 2186 gregis.

268 2191 306 2246 l'e
323 2191 462 2259 flagrantis
479 2195 558 2246 atrox
575 2192 642 2245 hora
660 2193 803 2248 Caniculae

268 2267 363 2322 Nescit
380 2269 500 2334 tangere,
517 2270 550 2320 tu
566 2267 652 2334 frigus
669 2269 785 2322 amabile
953 2286 974 2325 rc

302 2342 392 2395 Fessis
409 2357 518 2394 vomere
534 2342 621 2394 tauris

336 2414 456 2468 Praebes
472 2418 500 2468 et
516 2415 607 2482 pecori
625 2430 700 2481 vago.

268 2490 331 2543 Fies
347 2489 477 2542 nobilium
493 2491 526 2542 tn
543 2505 651 2556 quoque
668 2488 790 2554 fontium,

267 2565 315 2618 Me
332 2563 440 2616 dicente
457 2563 529 2616 cavis
546 2562 701 2630 impositam
717 2563 806 2618 ilicem

301 2639 386 2703 Saxis,
403 2637 476 2692 uude
492 2636 618 2706 loquaces
951 2651 975 2693 1⁵
1044 2633 1046 2638 ’

336 2711 474 2780 Lymphae
491 2711 619 2767 desiliunt
636 2715 707 2767 tuae.

512 2855 593 2912 XIV.

267 2937 413 2992 Hannonis
429 2936 487 2991 ritu
502 2937 584 2990 modo
602 2936 699 3001 dictus,
717 2953 734 2988 o
750 2935 836 3004 plebs,

270 3011 361 3066 Morte
379 3011 502 3064 venalem
518 3011 630 3080 petiisse
647 3010 753 3062 laurum
847 3069 851 3076 ,

268 3085 369 3140 Caesar
386 3086 509 3152 Hispana
526 3084 627 3152 repetit
644 3086 758 3150 penates

218 3227 220 3232 y
302 3159 399 3213 Victor
415 3159 450 3212 ab
467 3174 522 3211 cra
