2268 3448
319 187 524 239 onlommum
540 187 562 239 1.
581 190 619 251 33,
640 191 678 252 33,
697 192 736 240 34.
798 177 803 188 “
918 192 948 240 ar
994 207 998 214 ·

468 333 591 390 XXXII.

240 415 388 470 Posomuu.
423 417 453 471 si
471 417 538 486 quid
554 417 632 472 vacui
649 417 700 472 sub
717 417 815 473 runbra

240 490 367 546 Lusimus
383 495 475 546 tecum
492 492 566 561 quod
583 496 613 547 et
629 492 701 547 hunc
717 494 746 547 in
764 511 863 558 aunum
896 541 899 548 .

240 566 325 621 Vivat
341 570 371 622 et
387 567 487 636 plures,
504 583 556 638 age
574 567 619 622 die
636 567 771 636 Latinum,

248 681 251 686 s
274 641 396 709 Barbibe,
414 659 530 712 cannen,

239 715 339 771 Lesbio
356 717 474 786 primum
491 718 630 773 modulate
648 717 707 788 clvi,
939 735 953 777 t

165 812 168 822 ·
241 792 294 856 Qui
311 792 390 846 ferox
406 792 479 846 bello
496 796 589 848 tamen
605 793 678 848 iuter
695 810 777 862 arma,

239 866 303 921 Sive
316 866 449 935 jactatam
466 863 596 936 religaret
612 867 668 922 udo

275 941 369 995 Litore
386 941 484 1008 nomm,

239 1015 370 1070 Liberum
387 1020 417 1071 et
434 1017 527 1071 Musas
544 1016 734 1090 Veneremque
751 1020 781 1072 et
797 1018 836 1072 illi

229 1093 355 1161 .Semper
371 1087 537 1146 haerentem
547 1108 662 1160 puerum
679 1092 794 1147 canebat

240 1167 277 1222 Et
295 1167 396 1236 Lycum
413 1166 498 1235 nigris
515 1167 599 1221 oculis
616 1167 748 1236 nigroque

275 1242 358 1297 Orine
374 1241 510 1296 decorum.
585 1237 592 1250 '

239 1316 264 1371 0
283 1316 366 1372 decus
383 1317 487 1371 Phoebi
505 1320 534 1371 et
551 1317 668 1387 dapibus
685 1319 802 1386 supremi

239 1393 326 1446 Grata
342 1391 453 1446 testudo
470 1392 489 1446 J
491 1391 555 1460 oris,
572 1408 589 1446 o
606 1392 730 1446 laborum

239 1467 327 1521 Dulce
343 1467 470 1535 lenimen,
487 1467 555 1522 mihi
571 1483 688 1537 cumque
705 1467 778 1523 salve

274 1541 340 1596 mse
358 1543 471 1597 vocanti.

459 1681 600 1738 XXXIII.

241 1771 323 1834 Ausi,
340 1783 376 1822 no
393 1765 486 1821 doleas
502 1765 564 1836 plus
579 1763 663 1820 nimio
680 1781 782 1821 memor

240 1841 359 1897 Immitis
377 1841 514 1911 Glycerae,
531 1856 586 1896 neu
602 1840 770 1896 miserabiles
833 1899 837 1904 ,

240 1917 377 1972 Decautes
393 1917 484 1985 elegos
501 1932 550 1970 our
567 1915 620 1970 tibi
632 1915 727 1985 junior
802 1960 804 1970 ,

274 1992 361 2047 Laesa
377 1993 531 2061 praeniteat
547 1991 609 2046 fida

241 2065 380 2142 Insignem
396 2067 473 2122 tenui
488 2066 579 2122 fronte
597 2065 729 2134 Lycorida

241 2143 305 2211 (lyri
322 2145 410 2197 torret
427 2157 509 2210 amor,
529 2141 615 2209 Cyrus
632 2142 661 2194 in
677 2159 800 2209 asperam
836 2195 838 2200 ,

240 2217 367 2272 Declinat
385 2216 522 2282 Pholodn3
540 2215 590 2270 sed
606 2217 682 2286 prius
700 2218 797 2286 Apulis

274 2293 294 2346 J
294 2295 431 2360 ungentur
447 2307 561 2359 capreae
578 2291 649 2361 lupis

240 2367 328 2432 Quam
347 2367 420 2434 turpi
438 2366 538 2420 Pholoe
555 2370 649 2434 peccet
667 2365 796 2420 adultero.

240 2443 285 2496 Sic
302 2442 390 2495 visum
410 2441 520 2507 VenerI,
538 2439 582 2493 cui
599 2441 689 2509 placet
705 2441 823 2508 impares

240 2517 353 2571 Formas
370 2519 454 2584 atque
470 2515 574 2568 animos
591 2514 642 2568 sub
655 2513 724 2582 juga
740 2520 824 2568 aenea

274 2591 360 2645 Saevo
378 2589 489 2644 mittere
505 2605 567 2643 oum
580 2587 651 2657 joco.

240 2667 335 2734 Ipsum
352 2681 403 2732 me,
421 2664 517 2720 melior
534 2680 596 2718 oum
613 2667 721 2733 peteret
741 2665 841 2731 Venus,

240 2742 327 2796 Grata
343 2740 463 2795 detinuit
480 2739 610 2809 compede
628 2740 745 2808 Myrtale

239 2816 387 2884 Libertina,
404 2815 483 2870 fretis
500 2815 588 2868 acrior
605 2814 729 2888 Hadriae

273 2891 419 2946 Ourvuntis
437 2889 567 2945 Calabros
584 2888 665 2943 sinus.

461 3030 596 3085 XXXIV.

238 3113 352 3168 Pincus
367 3113 482 3168 deorum
498 3112 588 3167 cultor
605 3113 634 3166 et
651 3110 808 3182 infrequens

238 3188 405 3244 lusanierrtis
422 3188 488 3243 dum
506 3186 654 3257 sapientiae
