2268 3448
396 187 598 237 GARMINUM
613 187 667 237 ΠΙ.
686 187 724 237 16.

276 269 335 324 Nec
351 267 401 323 flos
416 284 571 338 purpureus
587 285 665 322 rosae
961 279 985 322 ιε

310 343 444 410 Neapoli
461 343 579 398 vetulam
597 343 672 396 faece
691 343 770 396 tenus
786 342 854 397 cadi.

522 484 602 538 XVI.

277 563 420 619 Iumussu
439 566 552 619 Danaen
568 566 653 620 turris
670 569 755 618 aenea

277 639 470 708 Robustaeque
486 641 559 694 fores
576 643 606 694 et
622 639 734 707 vigilum
751 653 849 692 canum

277 713 379 768 'I'ristes
397 715 526 768 excubiae
542 715 698 768 munierant
715 713 782 767 satis
845 751 847 756 ,

312 787 459 846 Nocturnis
475 788 511 842 ab
528 788 667 856 adulteris,

278 861 377 916 Sinon
396 863 532 926 Acrisium
549 863 660 930 virginis
677 863 789 916 abditae

279 936 427 990 Custodem
444 937 571 1013 pavidum
589 937 719 1005 Juppiter
735 941 764 990 et
781 937 876 990 Venus

279 1009 422 1077 Risisscut
440 1013 498 1065 fore
516 1011 588 1064 enim
604 1015 696 1065 tutum
711 1013 766 1066 iter
782 1016 811 1064 ct
827 1016 925 1079 pateus

314 1085 448 1139 Conversa
465 1085 494 1138 in
511 1086 630 1154 pretium
647 1086 706 1139 deo.

280 1159 386 1212 Aurum
404 1177 454 1228 per
470 1160 633 1214 medios-ira
650 1159 782 1214 satellites
840 1155 844 1164 '

275 1235 317 1308 Et
333 1251 510 1303 perrumpere
526 1237 601 1288 amat
617 1251 682 1288 saxa
697 1235 840 1303 potentius
964 1245 987 1286 rs

280 1307 342 1362 Ictu
360 1309 501 1363 fulmineo:
519 1308 637 1364 eoncidit
654 1309 766 1377 augrrris

315 1385 409 1450 Argivi
427 1384 523 1437 domus
541 1384 576 1437 ob
593 1385 697 1438 lucrum

281 1457 412 1512 Demersa
429 1459 528 1522 exiti03
545 1459 646 1512 diffidit
662 1459 770 1512 urbium

281 1531 378 1584 Portas
394 1533 436 1585 vir
453 1533 569 1586 Macedo
586 1537 616 1586 et
633 1533 740 1586 subruit
757 1533 876 1586 aemulos

282 1604 371 1672 Reges
388 1605 558 1670 muneribus;
575 1622 688 1659 munera
704 1607 812 1658 navium
967 1620 990 1660 rs

316 1680 416 1732 Saevos
433 1681 581 1748 illaqueant
597 1679 687 1734 duces
760 1731 764 1740 ,
990 1687 996 1698 ”

283 1753 456 1808 Crescentem
474 1755 597 1824 sequitur
614 1771 679 1808 cura
695 1757 838 1824 pecuniam

193 1865 197 1872 -
282 1828 473 1898 Majorumque
492 1831 584 1884 fames.
619 1829 688 1884 Juro
705 1830 846 1898 perhorrui

282 1902 350 1956 Late
367 1905 539 1973 conspicuum
556 1905 653 1959 tollere
669 1905 808 1972 verticem,

316 1978 464 2045 Maecenas,
482 1979 606 2048 equitum
624 1979 714 2033 decus.
965 1993 989 2031 aa

283 2051 389 2116 Quanto
407 2054 522 2123 quisque
540 2054 592 2108 sibi
608 2055 689 2122 plura
704 2056 853 2122 negaverit,

283 2127 328 2181 Ab
345 2128 387 2181 dis
403 2129 482 2197 plura
499 2129 584 2183 ieret:
599 2129 641 2182 ‘nil
658 2130 826 2198 cupientium

282 2201 378 2256 Nudus
396 2207 485 2258 castra
501 2207 566 2272 peto
583 2207 612 2257 et
629 2204 771 2271 transfuga
788 2204 903 2256 divitum

316 2277 412 2332 Partes
428 2279 552 2346 linquere
569 2278 665 2345 gestio,

282 2351 460 2421 Contemptae
477 2353 601 2406 dominus
619 2351 785 2420 splendidior
795 2357 850 2415 .rei;
967 2367 989 2404 rs

282 2426 368 2489 Quam
386 2427 409 2478 si
427 2425 562 2494 quidquid
579 2430 639 2479 arat
655 2426 771 2492 impiger
788 2426 895 2491 Apulus

282 2499 426 2552 Occultare
443 2499 511 2552 meis
528 2498 635 2551 dicerer
651 2498 763 2565 horreis,
783 2513 784 2518 ¹

315 2573 428 2640 Magnas
445 2573 518 2626 inter
536 2588 601 2640 opes
618 2573 703 2640 inops.

282 2646 372 2700 Purae
389 2648 463 2700 rivus
480 2663 568 2716 aquae
586 2647 707 2717 silvaque
720 2647 850 2716 jugerum

283 2720 434 2774 Paucorum
453 2725 481 2776 et
498 2723 600 2790 segetis
617 2727 693 2778 certa
708 2722 779 2776 fides
796 2738 874 2776 meae
964 2737 987 2776 so

281 2794 442 2862 Fulgentem
459 2797 573 2864 imperio
590 2797 687 2850 fertilis
706 2797 816 2850 Africae

314 2869 398 2922 Fallit
415 2875 488 2924 sorte
506 2870 620 2924 beatior.

280 2943 448 3012 Quamquam
466 2961 515 2998 noc
533 2945 665 2999 Calabrae
682 2945 764 2998 mella
779 2945 872 2997 ierunt
889 2959 953 3010 apes

279 3017 306 3071 N
308 3035 339 3071 ec
357 3017 549 3086 Laestrygonia
566 3019 688 3071 Bacchus
705 3019 734 3070 iu
751 3019 881 3086 amphora

280 3090 444 3158 Languoscit
460 3091 531 3150 mihi,
544 3107 595 3145 nee
610 3092 721 3160 pinguia
739 3092 849 3145 Gallicis
963 3102 987 3142 as

316 3165 449 3221 Crescunt
465 3165 571 3220 vellera·
583 3169 695 3233 pascitis,
